<?xml version="1.0" encoding="UTF-8"?>
<!DOCTYPE html PUBLIC "-//W3C//DTD XHTML 1.0 Transitional//EN"
    "http://www.w3.org/TR/xhtml1/DTD/xhtml1-transitional.dtd">
<html xmlns="http://www.w3.org/1999/xhtml" xml:lang="en" lang="en">
 <head>
  <title>
</title>
<meta http-equiv="Content-Type" content="text/html;charset=utf-8" />
  <meta name='ocr-system' content='tesseract 3.04.00' />
  <meta name='ocr-capabilities' content='ocr_page ocr_carea ocr_par ocr_line ocrx_word'/>
</head>
<body>
  <div class='ocr_page' id='page_1' title='image "./mtulliiciceroni85cicegoog/mtulliiciceroni85cicegoog_0059.png"; bbox 0 0 2370 3780; ppageno 0'>
   <div class='ocr_carea' id='block_1_1' title="bbox 105 177 954 285">
    <p class='ocr_par' dir='ltr' id='par_1_1' title="bbox 105 177 954 285">
     <span class='ocr_line' id='line_1_1' title="bbox 105 177 954 285; baseline -0.007 0"><span class='ocrx_word' id='word_1_1' title='bbox 105 221 147 285; x_wconf 82' lang='lat'><strong>50</strong></span> <span class='ocrx_word' id='word_1_2' title='bbox 198 177 201 181; x_wconf 52' lang='grc'><strong>’</strong></span> <span class='ocrx_word' id='word_1_3' title='bbox 271 219 345 282; x_wconf 78' lang='lat' dir='ltr'><strong>ruo</strong></span> <span class='ocrx_word' id='word_1_4' title='bbox 362 219 445 280; x_wconf 83' lang='lat' dir='ltr'><strong>surr.</strong></span> <span class='ocrx_word' id='word_1_5' title='bbox 460 217 597 280; x_wconf 81' lang='lat' dir='ltr'><strong>aoscro</strong></span> <span class='ocrx_word' id='word_1_6' title='bbox 612 217 786 281; x_wconf 79' lang='lat' dir='ltr'><strong>nurnine</strong></span> <span class='ocrx_word' id='word_1_7' title='bbox 803 218 954 280; x_wconf 73' lang='lat' dir='ltr'><strong>cerno.</strong></span> 
     </span>
    </p>
   </div>
   <div class='ocr_carea' id='block_1_2' title="bbox 38 368 1153 3543">
    <p class='ocr_par' dir='ltr' id='par_1_2' title="bbox 38 368 1153 3543">
     <span class='ocr_line' id='line_1_2' title="bbox 105 368 1122 450; baseline -0.002 -15"><span class='ocrx_word' id='word_1_8' title='bbox 105 373 210 450; x_wconf 82' lang='lat' dir='ltr'><strong>digna,</strong></span> <span class='ocrx_word' id='word_1_9' title='bbox 228 380 328 434; x_wconf 88' lang='lat' dir='ltr'><strong>tamen</strong></span> <span class='ocrx_word' id='word_1_10' title='bbox 345 373 404 432; x_wconf 91' lang='lat' dir='ltr'><strong>hoc</strong></span> <span class='ocrx_word' id='word_1_11' title='bbox 417 370 491 432; x_wconf 87' lang='lat' dir='ltr'>nihil</span> <span class='ocrx_word' id='word_1_12' title='bbox 507 387 608 446; x_wconf 88' lang='lat' dir='ltr'><strong>neque</strong></span> <span class='ocrx_word' id='word_1_13' title='bbox 629 370 770 432; x_wconf 80' lang='lat' dir='ltr'><strong>acerbius</strong></span> <span class='ocrx_word' id='word_1_14' title='bbox 787 387 887 448; x_wconf 90' lang='lat' dir='ltr'><strong>neque</strong></span> <span class='ocrx_word' id='word_1_15' title='bbox 901 368 1036 447; x_wconf 89' lang='lat' dir='ltr'><strong>iniquius</strong></span> <span class='ocrx_word' id='word_1_16' title='bbox 1053 388 1122 446; x_wconf 89' lang='lat' dir='ltr'><strong>pro-</strong></span> 
     </span>
     <span class='ocr_line' id='line_1_3' title="bbox 105 454 1120 532; baseline -0.001 -15"><span class='ocrx_word' id='word_1_17' title='bbox 105 457 175 518; x_wconf 91' lang='lat' dir='ltr'><strong>lerrl</strong></span> <span class='ocrx_word' id='word_1_18' title='bbox 189 464 306 532; x_wconf 82' lang='lat' dir='ltr'><strong>potest=</strong></span> <span class='ocrx_word' id='word_1_19' title='bbox 323 457 427 517; x_wconf 87' lang='lat' dir='ltr'><strong>mortis</strong></span> <span class='ocrx_word' id='word_1_20' title='bbox 438 464 583 530; x_wconf 80' lang='lat' dir='ltr'><strong>paternae</strong></span> <span class='ocrx_word' id='word_1_21' title='bbox 594 454 632 514; x_wconf 91' lang='lat' dir='ltr'><strong>de</strong></span> <span class='ocrx_word' id='word_1_22' title='bbox 644 455 742 515; x_wconf 89' lang='lat' dir='ltr'><strong>servis</strong></span> <span class='ocrx_word' id='word_1_23' title='bbox 760 455 893 530; x_wconf 90' lang='lat' dir='ltr'><strong>paternis</strong></span> <span class='ocrx_word' id='word_1_24' title='bbox 911 457 1120 530; x_wconf 84' lang='lat' dir='ltr'><strong>quaestionem</strong></span> 
     </span>
     <span class='ocr_line' id='line_1_4' title="bbox 103 538 1122 614; baseline -0.001 -13"><span class='ocrx_word' id='word_1_25' title='bbox 103 541 215 601; x_wconf 87' lang='lat' dir='ltr'><strong>habere</strong></span> <span class='ocrx_word' id='word_1_26' title='bbox 231 539 294 600; x_wconf 88' lang='lat' dir='ltr'><strong>lilio</strong></span> <span class='ocrx_word' id='word_1_27' title='bbox 308 557 369 600; x_wconf 92' lang='lat' dir='ltr'><strong>non</strong></span> <span class='ocrx_word' id='word_1_28' title='bbox 390 539 468 599; x_wconf 91' lang='lat' dir='ltr'><strong>licet.</strong></span> <span class='ocrx_word' id='word_1_29' title='bbox 504 540 625 600; x_wconf 79' lang='lat' dir='ltr'><strong>Netum</strong></span> <span class='ocrx_word' id='word_1_30' title='bbox 644 539 696 598; x_wconf 91' lang='lat' dir='ltr'><strong>din</strong></span> <span class='ocrx_word' id='word_1_31' title='bbox 713 539 835 614; x_wconf 89' lang='lat' dir='ltr'><strong>quidem</strong></span> <span class='ocrx_word' id='word_1_32' title='bbox 853 538 993 599; x_wconf 91' lang='lat' dir='ltr'><strong>dominus</strong></span> <span class='ocrx_word' id='word_1_33' title='bbox 1015 539 1072 601; x_wconf 87' lang='lat' dir='ltr'><strong>erit</strong></span> <span class='ocrx_word' id='word_1_34' title='bbox 1093 540 1122 600; x_wconf 92' lang='lat' dir='ltr'><strong>in</strong></span> 
     </span>
     <span class='ocr_line' id='line_1_5' title="bbox 103 621 1123 699; baseline -0.002 -13"><span class='ocrx_word' id='word_1_35' title='bbox 103 642 188 696; x_wconf 91' lang='lat' dir='ltr'><strong>suos,</strong></span> <span class='ocrx_word' id='word_1_36' title='bbox 206 625 278 684; x_wconf 93' lang='lat' dir='ltr'><strong>dum</strong></span> <span class='ocrx_word' id='word_1_37' title='bbox 293 639 332 684; x_wconf 90' lang='lat' dir='ltr'><strong>ex</strong></span> <span class='ocrx_word' id='word_1_38' title='bbox 346 623 384 683; x_wconf 92' lang='lat' dir='ltr'><strong>iis</strong></span> <span class='ocrx_word' id='word_1_39' title='bbox 396 623 434 682; x_wconf 94' lang='lat' dir='ltr'><strong>de</strong></span> <span class='ocrx_word' id='word_1_40' title='bbox 446 623 540 697; x_wconf 86' lang='lat' dir='ltr'><strong>patris</strong></span> <span class='ocrx_word' id='word_1_41' title='bbox 555 629 651 681; x_wconf 90' lang='lat' dir='ltr'><strong>morte</strong></span> <span class='ocrx_word' id='word_1_42' title='bbox 667 629 850 697; x_wconf 75' lang='lat' dir='ltr'><strong>quaeratur?</strong></span> <span class='ocrx_word' id='word_1_43' title='bbox 868 621 1006 695; x_wconf 82' lang='lat' dir='ltr'><strong>Veniam,</strong></span> <span class='ocrx_word' id='word_1_44' title='bbox 1022 638 1123 699; x_wconf 86' lang='lat' dir='ltr'><strong>neque</strong></span> 
     </span>
     <span class='ocr_line' id='line_1_6' title="bbox 102 704 1124 783; baseline 0 -14"><span class='ocrx_word' id='word_1_45' title='bbox 102 707 144 770; x_wconf 77' lang='lat' dir='ltr'><strong>ita</strong></span> <span class='ocrx_word' id='word_1_46' title='bbox 161 708 254 767; x_wconf 89' lang='lat' dir='ltr'><strong>multo</strong></span> <span class='ocrx_word' id='word_1_47' title='bbox 269 716 356 783; x_wconf 92' lang='lat' dir='ltr'><strong>post,</strong></span> <span class='ocrx_word' id='word_1_48' title='bbox 371 705 504 765; x_wconf 87' lang='lat' dir='ltr'><strong>adhunc</strong></span> <span class='ocrx_word' id='word_1_49' title='bbox 520 708 636 765; x_wconf 81' lang='lat' dir='ltr'><strong>locum:</strong></span> <span class='ocrx_word' id='word_1_50' title='bbox 658 722 727 765; x_wconf 88' lang='lat' dir='ltr'><strong>nam</strong></span> <span class='ocrx_word' id='word_1_51' title='bbox 750 704 808 765; x_wconf 90' lang='lat' dir='ltr'><strong>hoc</strong></span> <span class='ocrx_word' id='word_1_52' title='bbox 825 714 918 766; x_wconf 90' lang='lat' dir='ltr'><strong>totum</strong></span> <span class='ocrx_word' id='word_1_53' title='bbox 934 707 973 765; x_wconf 93' lang='lat' dir='ltr'><strong>ad</strong></span> <span class='ocrx_word' id='word_1_54' title='bbox 990 706 1124 769; x_wconf 78' lang='lat' dir='ltr'><strong>Roscios</strong></span> 
     </span>
     <span class='ocr_line' id='line_1_7' title="bbox 102 787 1123 867; baseline 0 -16"><span class='ocrx_word' id='word_1_55' title='bbox 102 790 246 867; x_wconf 75' lang='lat' dir='ltr'><strong>pertinet,</strong></span> <span class='ocrx_word' id='word_1_56' title='bbox 274 792 314 850; x_wconf 91' lang='lat' dir='ltr'><strong>de</strong></span> <span class='ocrx_word' id='word_1_57' title='bbox 336 805 466 865; x_wconf 89' lang='lat' dir='ltr'><strong>quorum</strong></span> <span class='ocrx_word' id='word_1_58' title='bbox 487 787 616 850; x_wconf 87' lang='lat' dir='ltr'><strong>audacia</strong></span> <span class='ocrx_word' id='word_1_59' title='bbox 637 796 700 848; x_wconf 91' lang='lat' dir='ltr'><strong>tum</strong></span> <span class='ocrx_word' id='word_1_60' title='bbox 722 804 770 848; x_wconf 91' lang='lat' dir='ltr'><strong>me</strong></span> <span class='ocrx_word' id='word_1_61' title='bbox 799 789 949 849; x_wconf 89' lang='lat' dir='ltr'><strong>dicturum</strong></span> <span class='ocrx_word' id='word_1_62' title='bbox 969 790 1123 864; x_wconf 85' lang='lat' dir='ltr'><strong>pollicitus</strong></span> 
     </span>
     <span class='ocr_line' id='line_1_8' title="bbox 104 869 1121 949; baseline -0.001 -14"><span class='ocrx_word' id='word_1_63' title='bbox 104 893 189 947; x_wconf 91' lang='lat' dir='ltr'><strong>sum,</strong></span> <span class='ocrx_word' id='word_1_64' title='bbox 211 890 303 949; x_wconf 88' lang='lat' dir='ltr'><strong>quum</strong></span> <span class='ocrx_word' id='word_1_65' title='bbox 329 872 431 934; x_wconf 89' lang='lat' dir='ltr'><strong>Erucii</strong></span> <span class='ocrx_word' id='word_1_66' title='bbox 457 872 582 932; x_wconf 86' lang='lat' dir='ltr'><strong>crimina</strong></span> <span class='ocrx_word' id='word_1_67' title='bbox 609 871 775 932; x_wconf 83' lang='lat' dir='ltr'><strong>diluissem.</strong></span> <span class='ocrx_word' id='word_1_68' title='bbox 813 873 916 932; x_wconf 85' lang='lat' dir='ltr'><strong>XXlX.</strong></span> <span class='ocrx_word' id='word_1_69' title='bbox 940 869 989 935; x_wconf 81' lang='lat'><strong>79.</strong></span> <span class='ocrx_word' id='word_1_70' title='bbox 1021 873 1121 944; x_wconf 86' lang='lat' dir='ltr'><strong>Nunc,</strong></span> 
     </span>
     <span class='ocr_line' id='line_1_9' title="bbox 102 955 1122 1031; baseline -0.003 -13"><span class='ocrx_word' id='word_1_71' title='bbox 102 957 208 1030; x_wconf 82' lang='lat' dir='ltr'><strong>Eruci,</strong></span> <span class='ocrx_word' id='word_1_72' title='bbox 234 958 273 1017; x_wconf 94' lang='lat' dir='ltr'><strong>ad</strong></span> <span class='ocrx_word' id='word_1_73' title='bbox 287 965 316 1017; x_wconf 89' lang='lat' dir='ltr'><strong>te</strong></span> <span class='ocrx_word' id='word_1_74' title='bbox 331 957 431 1021; x_wconf 91' lang='lat' dir='ltr'><strong>venio.</strong></span> <span class='ocrx_word' id='word_1_75' title='bbox 463 955 629 1016; x_wconf 83' lang='lat' dir='ltr'><strong>Conveniat</strong></span> <span class='ocrx_word' id='word_1_76' title='bbox 650 955 723 1015; x_wconf 91' lang='lat' dir='ltr'><strong>mihi</strong></span> <span class='ocrx_word' id='word_1_77' title='bbox 743 964 842 1016; x_wconf 91' lang='lat' dir='ltr'><strong>tecum</strong></span> <span class='ocrx_word' id='word_1_78' title='bbox 865 972 994 1016; x_wconf 89' lang='lat' dir='ltr'><strong>necesse</strong></span> <span class='ocrx_word' id='word_1_79' title='bbox 1008 966 1070 1031; x_wconf 90' lang='lat' dir='ltr'><strong>est,</strong></span> <span class='ocrx_word' id='word_1_80' title='bbox 1095 955 1122 1017; x_wconf 90' lang='lat' dir='ltr'><strong>si</strong></span> 
     </span>
     <span class='ocr_line' id='line_1_10' title="bbox 102 1038 1121 1115; baseline -0.001 -13"><span class='ocrx_word' id='word_1_81' title='bbox 102 1042 234 1102; x_wconf 87' lang='lat' dir='ltr'><strong>adhunc</strong></span> <span class='ocrx_word' id='word_1_82' title='bbox 249 1039 428 1100; x_wconf 86' lang='lat' dir='ltr'><strong>maleficium</strong></span> <span class='ocrx_word' id='word_1_83' title='bbox 444 1038 525 1101; x_wconf 91' lang='lat' dir='ltr'><strong>istud</strong></span> <span class='ocrx_word' id='word_1_84' title='bbox 539 1040 683 1115; x_wconf 85' lang='lat' dir='ltr'><strong>pertinet,</strong></span> <span class='ocrx_word' id='word_1_85' title='bbox 705 1047 757 1099; x_wconf 88' lang='lat' dir='ltr'><strong>aut</strong></span> <span class='ocrx_word' id='word_1_86' title='bbox 770 1039 869 1114; x_wconf 91' lang='lat' dir='ltr'><strong>ipsum</strong></span> <span class='ocrx_word' id='word_1_87' title='bbox 893 1056 949 1100; x_wconf 91' lang='lat' dir='ltr'><strong>sua</strong></span> <span class='ocrx_word' id='word_1_88' title='bbox 968 1056 1060 1101; x_wconf 92' lang='lat' dir='ltr'><strong>manu</strong></span> <span class='ocrx_word' id='word_1_89' title='bbox 1079 1042 1121 1101; x_wconf 78' lang='lat' dir='ltr'><strong>le</strong></span> 
     </span>
     <span class='ocr_line' id='line_1_11' title="bbox 103 1121 1121 1199; baseline -0.004 -15"><span class='ocrx_word' id='word_1_90' title='bbox 103 1125 199 1196; x_wconf 91' lang='lat' dir='ltr'><strong>cisse,</strong></span> <span class='ocrx_word' id='word_1_91' title='bbox 220 1123 254 1183; x_wconf 92' lang='lat' dir='ltr'><strong>id</strong></span> <span class='ocrx_word' id='word_1_92' title='bbox 275 1125 358 1199; x_wconf 90' lang='lat' dir='ltr'><strong>quod</strong></span> <span class='ocrx_word' id='word_1_93' title='bbox 380 1140 490 1199; x_wconf 79' lang='lat' dir='ltr'><strong>negas,</strong></span> <span class='ocrx_word' id='word_1_94' title='bbox 512 1132 564 1184; x_wconf 90' lang='lat' dir='ltr'><strong>aut</strong></span> <span class='ocrx_word' id='word_1_95' title='bbox 583 1140 638 1198; x_wconf 90' lang='lat' dir='ltr'><strong>per</strong></span> <span class='ocrx_word' id='word_1_96' title='bbox 656 1121 777 1197; x_wconf 87' lang='lat' dir='ltr'><strong>aliquos</strong></span> <span class='ocrx_word' id='word_1_97' title='bbox 798 1123 912 1183; x_wconf 89' lang='lat' dir='ltr'><strong>liberos</strong></span> <span class='ocrx_word' id='word_1_98' title='bbox 931 1132 983 1183; x_wconf 90' lang='lat' dir='ltr'><strong>eut</strong></span> <span class='ocrx_word' id='word_1_99' title='bbox 1004 1140 1121 1184; x_wconf 90' lang='lat' dir='ltr'><strong>servos.</strong></span> 
     </span>
     <span class='ocr_line' id='line_1_12' title="bbox 101 1206 1121 1283; baseline -0.003 -14"><span class='ocrx_word' id='word_1_100' title='bbox 101 1207 290 1269; x_wconf 80' lang='lat' dir='ltr'><strong>Liberosne‘l</strong></span> <span class='ocrx_word' id='word_1_101' title='bbox 310 1223 387 1282; x_wconf 88' lang='lat' dir='ltr'><strong>quos</strong></span> <span class='ocrx_word' id='word_1_102' title='bbox 402 1216 549 1283; x_wconf 89' lang='lat' dir='ltr'><strong>nequent</strong></span> <span class='ocrx_word' id='word_1_103' title='bbox 560 1207 723 1267; x_wconf 88' lang='lat' dir='ltr'><strong>convenire</strong></span> <span class='ocrx_word' id='word_1_104' title='bbox 739 1206 869 1282; x_wconf 92' lang='lat' dir='ltr'><strong>potnerit</strong></span> <span class='ocrx_word' id='word_1_105' title='bbox 883 1223 982 1281; x_wconf 89' lang='lat' dir='ltr'><strong>neque</strong></span> <span class='ocrx_word' id='word_1_106' title='bbox 1000 1223 1062 1281; x_wconf 82' lang='lat' dir='ltr'><strong>qua</strong></span> <span class='ocrx_word' id='word_1_107' title='bbox 1075 1223 1121 1266; x_wconf 87' lang='lat' dir='ltr'><strong>ra·</strong></span> 
     </span>
     <span class='ocr_line' id='line_1_13' title="bbox 101 1290 1122 1367; baseline -0.003 -14"><span class='ocrx_word' id='word_1_108' title='bbox 101 1291 184 1353; x_wconf 92' lang='lat' dir='ltr'><strong>tione</strong></span> <span class='ocrx_word' id='word_1_109' title='bbox 198 1290 343 1352; x_wconf 91' lang='lat' dir='ltr'><strong>inducere</strong></span> <span class='ocrx_word' id='word_1_110' title='bbox 359 1309 459 1367; x_wconf 90' lang='lat' dir='ltr'><strong>neque</strong></span> <span class='ocrx_word' id='word_1_111' title='bbox 473 1290 524 1350; x_wconf 80' lang='lat' dir='ltr'><strong>&#39;ubi</strong></span> <span class='ocrx_word' id='word_1_112' title='bbox 540 1306 638 1367; x_wconf 89' lang='lat' dir='ltr'><strong>neque</strong></span> <span class='ocrx_word' id='word_1_113' title='bbox 652 1306 708 1367; x_wconf 91' lang='lat' dir='ltr'><strong>per</strong></span> <span class='ocrx_word' id='word_1_114' title='bbox 722 1307 800 1367; x_wconf 92' lang='lat' dir='ltr'><strong>quos</strong></span> <span class='ocrx_word' id='word_1_115' title='bbox 812 1306 911 1365; x_wconf 87' lang='lat' dir='ltr'><strong>nequo</strong></span> <span class='ocrx_word' id='word_1_116' title='bbox 926 1307 987 1365; x_wconf 86' lang='lat' dir='ltr'><strong>qua</strong></span> <span class='ocrx_word' id='word_1_117' title='bbox 1000 1306 1057 1365; x_wconf 89' lang='lat' dir='ltr'><strong>spe</strong></span> <span class='ocrx_word' id='word_1_118' title='bbox 1072 1298 1122 1350; x_wconf 89' lang='lat' dir='ltr'><strong>aut</strong></span> 
     </span>
     <span class='ocr_line' id='line_1_14' title="bbox 104 1374 1121 1449; baseline 0.001 -17"><span class='ocrx_word' id='word_1_119' title='bbox 104 1391 164 1449; x_wconf 90' lang='lat' dir='ltr'><strong>quo</strong></span> <span class='ocrx_word' id='word_1_120' title='bbox 179 1374 281 1448; x_wconf 87' lang='lat' dir='ltr'><strong>precio</strong></span> <span class='ocrx_word' id='word_1_121' title='bbox 299 1383 387 1449; x_wconf 90' lang='lat' dir='ltr'><strong>potes</strong></span> <span class='ocrx_word' id='word_1_122' title='bbox 401 1375 572 1442; x_wconf 81' lang='lat' dir='ltr'><strong>ostendere.</strong></span> <span class='ocrx_word' id='word_1_123' title='bbox 609 1374 674 1448; x_wconf 80' lang='lat' dir='ltr'><strong>Ego</strong></span> <span class='ocrx_word' id='word_1_124' title='bbox 691 1383 795 1434; x_wconf 88' lang='lat' dir='ltr'><strong>contra</strong></span> <span class='ocrx_word' id='word_1_125' title='bbox 809 1375 937 1434; x_wconf 87' lang='lat' dir='ltr'><strong>ostendo</strong></span> <span class='ocrx_word' id='word_1_126' title='bbox 953 1391 1015 1435; x_wconf 92' lang='lat' dir='ltr'><strong>non</strong></span> <span class='ocrx_word' id='word_1_127' title='bbox 1026 1374 1121 1434; x_wconf 79' lang='lat' dir='ltr'><strong>&#39;modo</strong></span> 
     </span>
     <span class='ocr_line' id='line_1_15' title="bbox 103 1456 1121 1533; baseline 0 -15"><span class='ocrx_word' id='word_1_128' title='bbox 103 1457 176 1518; x_wconf 88' lang='lat' dir='ltr'><strong>nibil</strong></span> <span class='ocrx_word' id='word_1_129' title='bbox 191 1474 296 1519; x_wconf 91' lang='lat' dir='ltr'><strong>eorum</strong></span> <span class='ocrx_word' id='word_1_130' title='bbox 311 1457 423 1519; x_wconf 90' lang='lat' dir='ltr'><strong>lecisse</strong></span> <span class='ocrx_word' id='word_1_131' title='bbox 438 1456 508 1518; x_wconf 89' lang='lat' dir='ltr'><strong>Sex.</strong></span> <span class='ocrx_word' id='word_1_132' title='bbox 522 1457 683 1530; x_wconf 87' lang='lat' dir='ltr'><strong>Roscium,</strong></span> <span class='ocrx_word' id='word_1_133' title='bbox 707 1459 762 1517; x_wconf 91' lang='lat' dir='ltr'><strong>sed</strong></span> <span class='ocrx_word' id='word_1_134' title='bbox 784 1474 822 1518; x_wconf 91' lang='lat' dir='ltr'><strong>ne</strong></span> <span class='ocrx_word' id='word_1_135' title='bbox 836 1457 974 1533; x_wconf 89' lang='lat' dir='ltr'><strong>potuisse</strong></span> <span class='ocrx_word' id='word_1_136' title='bbox 999 1457 1121 1533; x_wconf 87' lang='lat' dir='ltr'><strong>quidem</strong></span> 
     </span>
     <span class='ocr_line' id='line_1_16' title="bbox 102 1536 1122 1617; baseline -0.002 -16"><span class='ocrx_word' id='word_1_137' title='bbox 102 1543 220 1614; x_wconf 88' lang='lat' dir='ltr'><strong>lacere,</strong></span> <span class='ocrx_word' id='word_1_138' title='bbox 242 1542 444 1617; x_wconf 71' lang='lat' dir='ltr'><strong>quod&#39;neque</strong></span> <span class='ocrx_word' id='word_1_139' title='bbox 461 1541 576 1601; x_wconf 89' lang='lat' dir='ltr'><strong>Romae</strong></span> <span class='ocrx_word' id='word_1_140' title='bbox 596 1541 696 1602; x_wconf 91' lang='lat' dir='ltr'><strong>multis</strong></span> <span class='ocrx_word' id='word_1_141' title='bbox 722 1541 809 1602; x_wconf 90' lang='lat' dir='ltr'><strong>annis</strong></span> <span class='ocrx_word' id='word_1_142' title='bbox 836 1539 925 1601; x_wconf 91' lang='lat' dir='ltr'><strong>luerit</strong></span> <span class='ocrx_word' id='word_1_143' title='bbox 953 1556 1054 1616; x_wconf 87' lang='lat' dir='ltr'><strong>neque</strong></span> <span class='ocrx_word' id='word_1_144' title='bbox 1083 1536 1122 1601; x_wconf 87' lang='lat' dir='ltr'><strong>dc</strong></span> 
     </span>
     <span class='ocr_line' id='line_1_17' title="bbox 102 1622 1121 1700; baseline 0.001 -16"><span class='ocrx_word' id='word_1_145' title='bbox 102 1625 237 1700; x_wconf 90' lang='lat' dir='ltr'><strong>praediis</strong></span> <span class='ocrx_word' id='word_1_146' title='bbox 252 1642 395 1699; x_wconf 87' lang='lat' dir='ltr'><strong>umquam</strong></span> <span class='ocrx_word' id='word_1_147' title='bbox 412 1634 523 1686; x_wconf 90' lang='lat' dir='ltr'><strong>temere</strong></span> <span class='ocrx_word' id='word_1_148' title='bbox 538 1623 723 1686; x_wconf 75' lang='lat' dir='ltr'><strong>discesserit</strong></span> <span class='ocrx_word' id='word_1_149' title='bbox 757 1626 884 1686; x_wconf 82' lang='lat' dir='ltr'><strong>Restare</strong></span> <span class='ocrx_word' id='word_1_150' title='bbox 898 1622 951 1684; x_wconf 87' lang='lat' dir='ltr'><strong>tibi</strong></span> <span class='ocrx_word' id='word_1_151' title='bbox 961 1624 1121 1685; x_wconf 84' lang='lat' dir='ltr'><strong>videbatur</strong></span> 
     </span>
     <span class='ocr_line' id='line_1_18' title="bbox 103 1705 1120 1783; baseline -0.001 -15"><span class='ocrx_word' id='word_1_152' title='bbox 103 1725 260 1768; x_wconf 91' lang='lat' dir='ltr'><strong>servorum</strong></span> <span class='ocrx_word' id='word_1_153' title='bbox 275 1724 401 1782; x_wconf 90' lang='lat' dir='ltr'><strong>nomen,</strong></span> <span class='ocrx_word' id='word_1_154' title='bbox 423 1724 484 1783; x_wconf 93' lang='lat' dir='ltr'><strong>quo</strong></span> <span class='ocrx_word' id='word_1_155' title='bbox 506 1707 594 1783; x_wconf 83' lang='lat' dir='ltr'><strong>quasi</strong></span> <span class='ocrx_word' id='word_1_156' title='bbox 612 1708 643 1769; x_wconf 92' lang='lat' dir='ltr'><strong>in</strong></span> <span class='ocrx_word' id='word_1_157' title='bbox 663 1717 783 1782; x_wconf 89' lang='lat' dir='ltr'><strong>portum</strong></span> <span class='ocrx_word' id='word_1_158' title='bbox 803 1708 934 1769; x_wconf 88' lang='lat' dir='ltr'><strong>reiectus</strong></span> <span class='ocrx_word' id='word_1_159' title='bbox 951 1724 973 1766; x_wconf 86' lang='lat' dir='ltr'><strong>a</strong></span> <span class='ocrx_word' id='word_1_160' title='bbox 992 1705 1120 1768; x_wconf 90' lang='lat' dir='ltr'><strong>caeteris</strong></span> 
     </span>
     <span class='ocr_line' id='line_1_19' title="bbox 104 1789 1120 1867; baseline 0 -16"><span class='ocrx_word' id='word_1_161' title='bbox 104 1789 331 1865; x_wconf 89' lang='lat' dir='ltr'><strong>suspicionibus</strong></span> <span class='ocrx_word' id='word_1_162' title='bbox 346 1792 510 1866; x_wconf 79' lang='lat' dir='ltr'><strong>confugere</strong></span> <span class='ocrx_word' id='word_1_163' title='bbox 526 1807 655 1867; x_wconf 89' lang='lat' dir='ltr'><strong>posses,</strong></span> <span class='ocrx_word' id='word_1_164' title='bbox 668 1791 720 1852; x_wconf 88' lang='lat' dir='ltr'><strong>ubi</strong></span> <span class='ocrx_word' id='word_1_165' title='bbox 735 1794 892 1867; x_wconf 90' lang='lat' dir='ltr'><strong>scopulum</strong></span> <span class='ocrx_word' id='word_1_166' title='bbox 908 1791 1040 1853; x_wconf 86' lang='lat' dir='ltr'><strong>ollen&#39;dis</strong></span> <span class='ocrx_word' id='word_1_167' title='bbox 1054 1790 1120 1851; x_wconf 86' lang='lat' dir='ltr'><strong>eius</strong></span> 
     </span>
     <span class='ocr_line' id='line_1_20' title="bbox 103 1873 1147 1947; baseline -0.001 -13"><span class='ocrx_word' id='word_1_168' title='bbox 103 1873 254 1946; x_wconf 90' lang='lat' dir='ltr'><strong>modi,&#39;ut</strong></span> <span class='ocrx_word' id='word_1_169' title='bbox 274 1890 334 1935; x_wconf 95' lang='lat' dir='ltr'><strong>non</strong></span> <span class='ocrx_word' id='word_1_170' title='bbox 355 1874 446 1935; x_wconf 89' lang='lat' dir='ltr'><strong>modo</strong></span> <span class='ocrx_word' id='word_1_171' title='bbox 466 1874 504 1934; x_wconf 86' lang='lat' dir='ltr'><strong>ab</strong></span> <span class='ocrx_word' id='word_1_172' title='bbox 524 1874 583 1936; x_wconf 89' lang='lat' dir='ltr'><strong>hoc</strong></span> <span class='ocrx_word' id='word_1_173' title='bbox 604 1874 716 1935; x_wconf 84' lang='lat' dir='ltr'><strong>crimen</strong></span> <span class='ocrx_word' id='word_1_174' title='bbox 737 1875 854 1936; x_wconf 89' lang='lat' dir='ltr'><strong>resilire</strong></span> <span class='ocrx_word' id='word_1_175' title='bbox 871 1875 994 1947; x_wconf 88' lang='lat' dir='ltr'><strong>videas,</strong></span> <span class='ocrx_word' id='word_1_176' title='bbox 1013 1890 1119 1936; x_wconf 90' lang='lat' dir='ltr'><strong>verum</strong></span> <span class='ocrx_word' id='word_1_177' title='bbox 1145 1908 1147 1915; x_wconf 70' lang='lat'><strong>,</strong></span> 
     </span>
     <span class='ocr_line' id='line_1_21' title="bbox 103 1957 1119 2034; baseline -0.005 -16"><span class='ocrx_word' id='word_1_178' title='bbox 103 1973 224 2018; x_wconf 90' lang='lat' dir='ltr'><strong>omnem</strong></span> <span class='ocrx_word' id='word_1_179' title='bbox 243 1957 457 2034; x_wconf 53' lang='lat' dir='ltr'><strong>‚suspicionem</strong></span> <span class='ocrx_word' id='word_1_180' title='bbox 478 1958 510 2018; x_wconf 86' lang='lat' dir='ltr'><strong>ln</strong></span> <span class='ocrx_word' id='word_1_181' title='bbox 532 1967 655 2020; x_wconf 58' lang='lat' dir='ltr'><strong>&gt;vosmet</strong></span> <span class='ocrx_word' id='word_1_182' title='bbox 680 1957 766 2033; x_wconf 90' lang='lat' dir='ltr'><strong>ipsos</strong></span> <span class='ocrx_word' id='word_1_183' title='bbox 792 1959 928 2019; x_wconf 87' lang='lat' dir='ltr'><strong>recidere</strong></span> <span class='ocrx_word' id='word_1_184' title='bbox 958 1957 1119 2032; x_wconf 81' lang='lat' dir='ltr'><strong>intelligas.</strong></span> 
     </span>
     <span class='ocr_line' id='line_1_22' title="bbox 101 2040 1121 2118; baseline 0.004 -15"><span class='ocrx_word' id='word_1_185' title='bbox 101 2040 152 2104; x_wconf 78' lang='lat'><strong>80.</strong></span> <span class='ocrx_word' id='word_1_186' title='bbox 175 2040 253 2114; x_wconf 78' lang='lat' dir='ltr'><strong>Quid</strong></span> <span class='ocrx_word' id='word_1_187' title='bbox 269 2050 404 2117; x_wconf 81' lang='lat' dir='ltr'><strong>ergocst</strong></span> <span class='ocrx_word' id='word_1_188' title='bbox 417 2058 478 2118; x_wconf 85' lang='lat' dir='ltr'><strong>quo</strong></span> <span class='ocrx_word' id='word_1_189' title='bbox 493 2042 615 2103; x_wconf 84' lang='lat' dir='ltr'><strong>tandem</strong></span> <span class='ocrx_word' id='word_1_190' title='bbox 628 2049 789 2102; x_wconf 85' lang='lat' dir='ltr'><strong>accusator</strong></span> <span class='ocrx_word' id='word_1_191' title='bbox 808 2041 911 2117; x_wconf 86' lang='lat' dir='ltr'><strong>inopia</strong></span> <span class='ocrx_word' id='word_1_192' title='bbox 929 2050 1121 2117; x_wconf 62' lang='lat' dir='ltr'><strong>argumento</strong></span> 
     </span>
     <span class='ocr_line' id='line_1_23' title="bbox 63 2124 1121 2200; baseline 0.004 -19"><span class='ocrx_word' id='word_1_193' title='bbox 63 2172 66 2181; x_wconf 50' lang='lat'><strong>.</strong></span> <span class='ocrx_word' id='word_1_194' title='bbox 101 2141 168 2184; x_wconf 91' lang='lat' dir='ltr'><strong>rum</strong></span> <span class='ocrx_word' id='word_1_195' title='bbox 185 2125 374 2200; x_wconf 81' lang='lat' dir='ltr'><strong>conlugeritt</strong></span> <span class='ocrx_word' id='word_1_196' title='bbox 402 2125 478 2186; x_wconf 82' lang='lat' dir='ltr'><strong>Eius</strong></span> <span class='ocrx_word' id='word_1_197' title='bbox 488 2125 571 2186; x_wconf 95' lang='lat' dir='ltr'><strong>modi</strong></span> <span class='ocrx_word' id='word_1_198' title='bbox 585 2134 703 2200; x_wconf 90' lang='lat' dir='ltr'><strong>tempus</strong></span> <span class='ocrx_word' id='word_1_199' title='bbox 715 2134 793 2200; x_wconf 84' lang='lat' dir='ltr'><strong>erut,</strong></span> <span class='ocrx_word' id='word_1_200' title='bbox 808 2125 920 2200; x_wconf 90' lang='lat' dir='ltr'><strong>inquit,</strong></span> <span class='ocrx_word' id='word_1_201' title='bbox 934 2132 967 2186; x_wconf 87' lang='lat' dir='ltr'><strong>ut</strong></span> <span class='ocrx_word' id='word_1_202' title='bbox 980 2124 1121 2186; x_wconf 86' lang='lat' dir='ltr'><strong>homines</strong></span> 
     </span>
     <span class='ocr_line' id='line_1_24' title="bbox 102 2207 1118 2284; baseline -0.001 -16"><span class='ocrx_word' id='word_1_203' title='bbox 102 2208 193 2283; x_wconf 76' lang='lat' dir='ltr'><strong>uulgo</strong></span> <span class='ocrx_word' id='word_1_204' title='bbox 207 2208 330 2284; x_wconf 90' lang='lat' dir='ltr'><strong>impune</strong></span> <span class='ocrx_word' id='word_1_205' title='bbox 344 2208 566 2282; x_wconf 85' lang='lat' dir='ltr'><strong>occiderentur,</strong></span> <span class='ocrx_word' id='word_1_206' title='bbox 589 2225 683 2283; x_wconf 88' lang='lat' dir='ltr'><strong>quare</strong></span> <span class='ocrx_word' id='word_1_207' title='bbox 696 2217 729 2270; x_wconf 87' lang='lat' dir='ltr'><strong>tu</strong></span> <span class='ocrx_word' id='word_1_208' title='bbox 742 2209 801 2269; x_wconf 92' lang='lat' dir='ltr'><strong>hoc</strong></span> <span class='ocrx_word' id='word_1_209' title='bbox 818 2217 942 2284; x_wconf 89' lang='lat' dir='ltr'><strong>propter</strong></span> <span class='ocrx_word' id='word_1_210' title='bbox 956 2207 1118 2270; x_wconf 90' lang='lat' dir='ltr'><strong>multitudi-</strong></span> 
     </span>
     <span class='ocr_line' id='line_1_25' title="bbox 101 2289 1118 2368; baseline -0.001 -17"><span class='ocrx_word' id='word_1_211' title='bbox 101 2308 172 2352; x_wconf 88' lang='lat' dir='ltr'><strong>nem</strong></span> <span class='ocrx_word' id='word_1_212' title='bbox 189 2290 366 2352; x_wconf 89' lang='lat' dir='ltr'><strong>sicariorum</strong></span> <span class='ocrx_word' id='word_1_213' title='bbox 386 2294 467 2353; x_wconf 93' lang='lat' dir='ltr'><strong>nullo</strong></span> <span class='ocrx_word' id='word_1_214' title='bbox 487 2292 614 2368; x_wconf 73' lang='lat' dir='ltr'><strong>negocio</strong></span> <span class='ocrx_word' id='word_1_215' title='bbox 632 2295 732 2353; x_wconf 92' lang='lat' dir='ltr'><strong>lacere</strong></span> <span class='ocrx_word' id='word_1_216' title='bbox 747 2291 881 2368; x_wconf 86' lang='lat' dir='ltr'><strong>potuisti.</strong></span> <span class='ocrx_word' id='word_1_217' title='bbox 913 2290 1034 2354; x_wconf 86' lang='lat' dir='ltr'><strong>Interim</strong></span> <span class='ocrx_word' id='word_1_218' title='bbox 1047 2289 1118 2352; x_wconf 87' lang='lat' dir='ltr'><strong>milri</strong></span> 
     </span>
     <span class='ocr_line' id='line_1_26' title="bbox 101 2374 1117 2450; baseline 0.004 -18"><span class='ocrx_word' id='word_1_219' title='bbox 101 2374 232 2450; x_wconf 82' lang='lat' dir='ltr'><strong>videris,</strong></span> <span class='ocrx_word' id='word_1_220' title='bbox 245 2375 351 2449; x_wconf 76' lang='lat' dir='ltr'><strong>Eiuci,</strong></span> <span class='ocrx_word' id='word_1_221' title='bbox 363 2391 424 2436; x_wconf 89' lang='lat' dir='ltr'><strong>una</strong></span> <span class='ocrx_word' id='word_1_222' title='bbox 437 2377 578 2437; x_wconf 86' lang='lat' dir='ltr'><strong>mercede</strong></span> <span class='ocrx_word' id='word_1_223' title='bbox 591 2378 667 2437; x_wconf 90' lang='lat' dir='ltr'><strong>duas</strong></span> <span class='ocrx_word' id='word_1_224' title='bbox 681 2393 732 2437; x_wconf 91' lang='lat' dir='ltr'><strong>res</strong></span> <span class='ocrx_word' id='word_1_225' title='bbox 746 2374 875 2448; x_wconf 88' lang='lat' dir='ltr'><strong>adsequi</strong></span> <span class='ocrx_word' id='word_1_226' title='bbox 890 2377 982 2450; x_wconf 90' lang='lat' dir='ltr'><strong>velle,</strong></span> <span class='ocrx_word' id='word_1_227' title='bbox 1002 2392 1061 2437; x_wconf 91' lang='lat' dir='ltr'><strong>nos</strong></span> <span class='ocrx_word' id='word_1_228' title='bbox 1074 2374 1117 2436; x_wconf 85' lang='lat' dir='ltr'><strong>iu·</strong></span> 
     </span>
     <span class='ocr_line' id='line_1_27' title="bbox 102 2458 1153 2535; baseline 0 -17"><span class='ocrx_word' id='word_1_229' title='bbox 102 2459 183 2519; x_wconf 91' lang='lat' dir='ltr'><strong>dicio</strong></span> <span class='ocrx_word' id='word_1_230' title='bbox 201 2460 398 2534; x_wconf 85' lang='lat' dir='ltr'><strong>perfundere,</strong></span> <span class='ocrx_word' id='word_1_231' title='bbox 415 2475 561 2520; x_wconf 87' lang='lat' dir='ltr'><strong>accusare</strong></span> <span class='ocrx_word' id='word_1_232' title='bbox 578 2468 677 2521; x_wconf 91' lang='lat' dir='ltr'><strong>autem</strong></span> <span class='ocrx_word' id='word_1_233' title='bbox 692 2477 747 2520; x_wconf 89' lang='lat' dir='ltr'><strong>eos</strong></span> <span class='ocrx_word' id='word_1_234' title='bbox 762 2458 864 2534; x_wconf 90' lang='lat' dir='ltr'><strong>ipsos,</strong></span> <span class='ocrx_word' id='word_1_235' title='bbox 881 2459 1025 2535; x_wconf 86' lang='lat' dir='ltr'><strong>aquibus</strong></span> <span class='ocrx_word' id='word_1_236' title='bbox 1040 2475 1116 2520; x_wconf 85' lang='lat' dir='ltr'><strong>mer·</strong></span> <span class='ocrx_word' id='word_1_237' title='bbox 1147 2516 1153 2527; x_wconf 90' lang='grc'><em>,</em></span> 
     </span>
     <span class='ocr_line' id='line_1_28' title="bbox 101 2541 1116 2619; baseline -0.002 -16"><span class='ocrx_word' id='word_1_238' title='bbox 101 2543 209 2603; x_wconf 89' lang='lat' dir='ltr'><strong>cedem</strong></span> <span class='ocrx_word' id='word_1_239' title='bbox 223 2542 377 2618; x_wconf 85' lang='lat' dir='ltr'><strong>accepisti.</strong></span> <span class='ocrx_word' id='word_1_240' title='bbox 402 2542 479 2617; x_wconf 79' lang='lat' dir='ltr'><strong>Quid</strong></span> <span class='ocrx_word' id='word_1_241' title='bbox 494 2545 562 2604; x_wconf 75' lang='lat' dir='ltr'><strong>alst</strong></span> <span class='ocrx_word' id='word_1_242' title='bbox 586 2545 685 2619; x_wconf 81' lang='lat' dir='ltr'><strong>Vulgo</strong></span> <span class='ocrx_word' id='word_1_243' title='bbox 700 2542 936 2604; x_wconf 67' lang='lat' dir='ltr'><strong>occidebantur?</strong></span> <span class='ocrx_word' id='word_1_244' title='bbox 965 2541 1022 2603; x_wconf 91' lang='lat' dir='ltr'><strong>Per</strong></span> <span class='ocrx_word' id='word_1_245' title='bbox 1038 2557 1116 2618; x_wconf 87' lang='lat' dir='ltr'><strong>quos</strong></span> 
     </span>
     <span class='ocr_line' id='line_1_29' title="bbox 103 2624 1116 2701; baseline 0 -17"><span class='ocrx_word' id='word_1_246' title='bbox 103 2635 166 2686; x_wconf 85' lang='lat' dir='ltr'><strong>cta</strong></span> <span class='ocrx_word' id='word_1_247' title='bbox 186 2624 319 2701; x_wconf 82' lang='lat' dir='ltr'><strong>quibust</strong></span> <span class='ocrx_word' id='word_1_248' title='bbox 362 2626 469 2687; x_wconf 88' lang='lat' dir='ltr'><strong>Nonne</strong></span> <span class='ocrx_word' id='word_1_249' title='bbox 481 2626 601 2701; x_wconf 75' lang='lat' dir='ltr'><strong>&#39;cogitas</strong></span> <span class='ocrx_word' id='word_1_250' title='bbox 615 2636 644 2688; x_wconf 88' lang='lat' dir='ltr'><strong>tc</strong></span> <span class='ocrx_word' id='word_1_251' title='bbox 660 2643 680 2687; x_wconf 90' lang='lat' dir='ltr'><strong>a</strong></span> <span class='ocrx_word' id='word_1_252' title='bbox 694 2625 864 2687; x_wconf 89' lang='lat' dir='ltr'><strong>sectoribus</strong></span> <span class='ocrx_word' id='word_1_253' title='bbox 873 2624 938 2686; x_wconf 75' lang='lat' dir='ltr'><strong>‘huc</strong></span> <span class='ocrx_word' id='word_1_254' title='bbox 953 2627 1116 2687; x_wconf 84' lang='lat' dir='ltr'><strong>adductum</strong></span> 
     </span>
     <span class='ocr_line' id='line_1_30' title="bbox 102 2709 1116 2795; baseline 0.002 -28"><span class='ocrx_word' id='word_1_255' title='bbox 102 2717 194 2770; x_wconf 80' lang='lat' dir='ltr'><strong>essct</strong></span> <span class='ocrx_word' id='word_1_256' title='bbox 229 2709 308 2783; x_wconf 78' lang='lat' dir='ltr'><strong>Quid</strong></span> <span class='ocrx_word' id='word_1_257' title='bbox 333 2716 464 2785; x_wconf 76' lang='lat' dir='ltr'><strong>posteat</strong></span> <span class='ocrx_word' id='word_1_258' title='bbox 495 2709 654 2772; x_wconf 88' lang='lat' dir='ltr'><strong>Nescimus</strong></span> <span class='ocrx_word' id='word_1_259' title='bbox 672 2726 728 2785; x_wconf 92' lang='lat' dir='ltr'><strong>per</strong></span> <span class='ocrx_word' id='word_1_260' title='bbox 745 2709 804 2795; x_wconf 77' lang='lat' dir='ltr'><strong>ista</strong></span> <span class='ocrx_word' id='word_1_261' title='bbox 828 2717 970 2785; x_wconf 85' lang='lat' dir='ltr'><strong>tempora.</strong></span> <span class='ocrx_word' id='word_1_262' title='bbox 990 2709 1116 2770; x_wconf 89' lang='lat' dir='ltr'><strong>cosdem</strong></span> 
     </span>
     <span class='ocr_line' id='line_1_31' title="bbox 101 2791 1115 2868; baseline 0.002 -18"><span class='ocrx_word' id='word_1_263' title='bbox 101 2791 164 2851; x_wconf 88' lang='lat' dir='ltr'><strong>lere</strong></span> <span class='ocrx_word' id='word_1_264' title='bbox 179 2801 315 2855; x_wconf 87' lang='lat' dir='ltr'><strong>sectores</strong></span> <span class='ocrx_word' id='word_1_265' title='bbox 330 2793 426 2853; x_wconf 88' lang='lat' dir='ltr'><strong>luisse</strong></span> <span class='ocrx_word' id='word_1_266' title='bbox 440 2795 586 2855; x_wconf 91' lang='lat' dir='ltr'><strong>collorum</strong></span> <span class='ocrx_word' id='word_1_267' title='bbox 601 2802 631 2855; x_wconf 90' lang='lat' dir='ltr'><strong>et</strong></span> <span class='ocrx_word' id='word_1_268' title='bbox 650 2795 834 2857; x_wconf 83' lang='lat' dir='ltr'><strong>bonorumt.</strong></span> <span class='ocrx_word' id='word_1_269' title='bbox 848 2791 899 2856; x_wconf 81' lang='lat'><strong>81.</strong></span> <span class='ocrx_word' id='word_1_270' title='bbox 931 2792 955 2852; x_wconf 93' lang='lat' dir='ltr'><strong>li</strong></span> <span class='ocrx_word' id='word_1_271' title='bbox 973 2793 1115 2868; x_wconf 88' lang='lat' dir='ltr'><strong>denique,</strong></span> 
     </span>
     <span class='ocr_line' id='line_1_32' title="bbox 102 2874 1116 2953; baseline -0.004 -14"><span class='ocrx_word' id='word_1_272' title='bbox 102 2874 155 2948; x_wconf 76' lang='lat' dir='ltr'><strong>utri</strong></span> <span class='ocrx_word' id='word_1_273' title='bbox 175 2885 239 2937; x_wconf 90' lang='lat' dir='ltr'><strong>tum</strong></span> <span class='ocrx_word' id='word_1_274' title='bbox 258 2876 363 2937; x_wconf 86' lang='lat' dir='ltr'><strong>armati</strong></span> <span class='ocrx_word' id='word_1_275' title='bbox 383 2876 450 2937; x_wconf 89' lang='lat' dir='ltr'><strong>dies</strong></span> <span class='ocrx_word' id='word_1_276' title='bbox 477 2885 644 2953; x_wconf 88' lang='lat' dir='ltr'><strong>noctesque</strong></span> <span class='ocrx_word' id='word_1_277' title='bbox 671 2875 907 2951; x_wconf 88' lang='lat' dir='ltr'><strong>concursabant,</strong></span> <span class='ocrx_word' id='word_1_278' title='bbox 930 2876 983 2952; x_wconf 89' lang='lat' dir='ltr'><strong>qui</strong></span> <span class='ocrx_word' id='word_1_279' title='bbox 1001 2876 1116 2939; x_wconf 83' lang='lat' dir='ltr'><strong>Romae</strong></span> 
     </span>
     <span class='ocr_line' id='line_1_33' title="bbox 38 2958 1115 3036; baseline -0.002 -15"><span class='ocrx_word' id='word_1_280' title='bbox 38 3013 42 3021; x_wconf 92' lang='lat'><strong>.</strong></span> <span class='ocrx_word' id='word_1_281' title='bbox 100 2967 186 3019; x_wconf 84' lang='lat' dir='ltr'><strong>erant</strong></span> <span class='ocrx_word' id='word_1_282' title='bbox 199 2958 334 3032; x_wconf 87' lang='lat' dir='ltr'><strong>adsidui,</strong></span> <span class='ocrx_word' id='word_1_283' title='bbox 351 2959 403 3036; x_wconf 88' lang='lat' dir='ltr'><strong>qui</strong></span> <span class='ocrx_word' id='word_1_284' title='bbox 417 2960 498 3020; x_wconf 91' lang='lat' dir='ltr'><strong>omni</strong></span> <span class='ocrx_word' id='word_1_285' title='bbox 512 2970 648 3036; x_wconf 86' lang='lat' dir='ltr'><strong>ternpore</strong></span> <span class='ocrx_word' id='word_1_286' title='bbox 662 2961 692 3020; x_wconf 95' lang='lat' dir='ltr'><strong>in</strong></span> <span class='ocrx_word' id='word_1_287' title='bbox 712 2959 827 3036; x_wconf 89' lang='lat' dir='ltr'><strong>praeda</strong></span> <span class='ocrx_word' id='word_1_288' title='bbox 845 2969 875 3022; x_wconf 91' lang='lat' dir='ltr'><strong>et</strong></span> <span class='ocrx_word' id='word_1_289' title='bbox 894 2960 948 3034; x_wconf 90' lang='lat' dir='ltr'><strong>[in]</strong></span> <span class='ocrx_word' id='word_1_290' title='bbox 969 2958 1115 3036; x_wconf 81' lang='lat' dir='ltr'><strong>sanguine</strong></span> 
     </span>
     <span class='ocr_line' id='line_1_34' title="bbox 73 3040 1115 3120; baseline 0.004 -21"><span class='ocrx_word' id='word_1_291' title='bbox 73 3113 76 3118; x_wconf 14' lang='lat'><strong>¹</strong></span> <span class='ocrx_word' id='word_1_292' title='bbox 102 3042 312 3116; x_wconf 85' lang='lat' dir='ltr'><strong>versabantur,</strong></span> <span class='ocrx_word' id='word_1_293' title='bbox 334 3042 406 3103; x_wconf 87' lang='lat' dir='ltr'><strong>Sex.</strong></span> <span class='ocrx_word' id='word_1_294' title='bbox 420 3043 533 3104; x_wconf 89' lang='lat' dir='ltr'><strong>Roscio</strong></span> <span class='ocrx_word' id='word_1_295' title='bbox 548 3044 693 3120; x_wconf 91' lang='lat' dir='ltr'><strong>temporis</strong></span> <span class='ocrx_word' id='word_1_296' title='bbox 708 3043 788 3104; x_wconf 89' lang='lat' dir='ltr'><strong>illius</strong></span> <span class='ocrx_word' id='word_1_297' title='bbox 803 3044 994 3104; x_wconf 84' lang='lat' dir='ltr'><strong>acerbitatem</strong></span> <span class='ocrx_word' id='word_1_298' title='bbox 1008 3040 1115 3118; x_wconf 89' lang='lat' dir='ltr'><strong>iniqui-</strong></span> 
     </span>
     <span class='ocr_line' id='line_1_35' title="bbox 103 3125 1115 3200; baseline -0.001 -14"><span class='ocrx_word' id='word_1_299' title='bbox 103 3133 255 3200; x_wconf 83' lang='lat' dir='ltr'><strong>tatemque</strong></span> <span class='ocrx_word' id='word_1_300' title='bbox 276 3127 440 3187; x_wconf 80' lang='lat' dir='ltr'><strong>obiicientl</strong></span> <span class='ocrx_word' id='word_1_301' title='bbox 461 3134 492 3187; x_wconf 88' lang='lat' dir='ltr'><strong>et</strong></span> <span class='ocrx_word' id='word_1_302' title='bbox 516 3127 597 3188; x_wconf 87' lang='lat' dir='ltr'><strong>illurn</strong></span> <span class='ocrx_word' id='word_1_303' title='bbox 622 3127 800 3188; x_wconf 89' lang='lat' dir='ltr'><strong>sicariorum</strong></span> <span class='ocrx_word' id='word_1_304' title='bbox 824 3127 1059 3200; x_wconf 83' lang='lat' dir='ltr'><strong>multitudinem,</strong></span> <span class='ocrx_word' id='word_1_305' title='bbox 1085 3125 1115 3185; x_wconf 91' lang='lat' dir='ltr'><strong>in</strong></span> 
     </span>
     <span class='ocr_line' id='line_1_36' title="bbox 100 3209 1115 3286; baseline -0.001 -17"><span class='ocrx_word' id='word_1_306' title='bbox 100 3225 162 3284; x_wconf 84' lang='lat' dir='ltr'><strong>quc</strong></span> <span class='ocrx_word' id='word_1_307' title='bbox 180 3209 241 3284; x_wconf 93' lang='lat' dir='ltr'><strong>ipsi</strong></span> <span class='ocrx_word' id='word_1_308' title='bbox 266 3211 361 3272; x_wconf 91' lang='lat' dir='ltr'><strong>duces</strong></span> <span class='ocrx_word' id='word_1_309' title='bbox 382 3227 419 3271; x_wconf 90' lang='lat' dir='ltr'><strong>ec</strong></span> <span class='ocrx_word' id='word_1_310' title='bbox 440 3209 593 3286; x_wconf 90' lang='lat' dir='ltr'><strong>principes</strong></span> <span class='ocrx_word' id='word_1_311' title='bbox 613 3219 710 3282; x_wconf 86' lang='lat' dir='ltr'><strong>erant,</strong></span> <span class='ocrx_word' id='word_1_312' title='bbox 735 3210 805 3270; x_wconf 90' lang='lat' dir='ltr'><strong>huic</strong></span> <span class='ocrx_word' id='word_1_313' title='bbox 832 3210 947 3271; x_wconf 89' lang='lat' dir='ltr'><strong>crimini</strong></span> <span class='ocrx_word' id='word_1_314' title='bbox 969 3210 1115 3286; x_wconf 88' lang='lat' dir='ltr'><strong>putabunt</strong></span> 
     </span>
     <span class='ocr_line' id='line_1_37' title="bbox 99 3294 1115 3370; baseline 0.003 -20"><span class='ocrx_word' id='word_1_315' title='bbox 99 3296 179 3364; x_wconf 88' lang='lat' dir='ltr'><strong>lore,</strong></span> <span class='ocrx_word' id='word_1_316' title='bbox 202 3294 254 3367; x_wconf 87' lang='lat' dir='ltr'><strong>qui</strong></span> <span class='ocrx_word' id='word_1_317' title='bbox 272 3311 334 3353; x_wconf 88' lang='lat' dir='ltr'><strong>non</strong></span> <span class='ocrx_word' id='word_1_318' title='bbox 354 3295 446 3355; x_wconf 89' lang='lat' dir='ltr'><strong>modo</strong></span> <span class='ocrx_word' id='word_1_319' title='bbox 461 3295 576 3357; x_wconf 86' lang='lat' dir='ltr'><strong>Romae</strong></span> <span class='ocrx_word' id='word_1_320' title='bbox 592 3313 652 3357; x_wconf 93' lang='lat' dir='ltr'><strong>non</strong></span> <span class='ocrx_word' id='word_1_321' title='bbox 668 3294 736 3366; x_wconf 91' lang='lat' dir='ltr'><strong>luit,</strong></span> <span class='ocrx_word' id='word_1_322' title='bbox 760 3295 815 3354; x_wconf 92' lang='lat' dir='ltr'><strong>scd</strong></span> <span class='ocrx_word' id='word_1_323' title='bbox 830 3294 952 3357; x_wconf 89' lang='lat' dir='ltr'><strong>omnino</strong></span> <span class='ocrx_word' id='word_1_324' title='bbox 968 3294 1044 3370; x_wconf 91' lang='lat' dir='ltr'><strong>quid</strong></span> <span class='ocrx_word' id='word_1_325' title='bbox 1056 3295 1115 3354; x_wconf 83' lang='lat' dir='ltr'><strong>lto·</strong></span> 
     </span>
     <span class='ocr_line' id='line_1_38' title="bbox 78 3377 1115 3457; baseline 0.013 -34"><span class='ocrx_word' id='word_1_326' title='bbox 78 3387 153 3428; x_wconf 68' lang='lat' dir='ltr'><strong>uuae</strong></span> <span class='ocrx_word' id='word_1_327' title='bbox 164 3385 314 3446; x_wconf 74' lang='lat' dir='ltr'><strong>ageretur</strong></span> <span class='ocrx_word' id='word_1_328' title='bbox 326 3377 469 3454; x_wconf 90' lang='lat' dir='ltr'><strong>nescivit,</strong></span> <span class='ocrx_word' id='word_1_329' title='bbox 485 3388 653 3457; x_wconf 89' lang='lat' dir='ltr'><strong>propterea</strong></span> <span class='ocrx_word' id='word_1_330' title='bbox 665 3377 750 3456; x_wconf 79' lang='lat' dir='ltr'><strong>quod</strong></span> <span class='ocrx_word' id='word_1_331' title='bbox 759 3379 827 3438; x_wconf 88' lang='lat' dir='ltr'><strong>ruri</strong></span> <span class='ocrx_word' id='word_1_332' title='bbox 838 3377 997 3447; x_wconf 81' lang='lat' dir='ltr'><strong>adsiduus,</strong></span> <span class='ocrx_word' id='word_1_333' title='bbox 1012 3392 1115 3452; x_wconf 73' lang='lat' dir='ltr'><strong>ouem·</strong></span> 
     </span>
     <span class='ocr_line' id='line_1_39' title="bbox 58 3450 1130 3543; baseline 0.002 -31"><span class='ocrx_word' id='word_1_334' title='bbox 58 3450 237 3517; x_wconf 62' lang='lat' dir='ltr'><strong>admodum</strong></span> <span class='ocrx_word' id='word_1_335' title='bbox 261 3467 328 3523; x_wconf 86' lang='lat' dir='ltr'><strong>tute</strong></span> <span class='ocrx_word' id='word_1_336' title='bbox 351 3464 534 3543; x_wconf 85' lang='lat' dir='ltr'><strong>confiteris,</strong></span> <span class='ocrx_word' id='word_1_337' title='bbox 559 3466 639 3529; x_wconf 82' lang='lat' dir='ltr'><strong>luitt</strong></span> <span class='ocrx_word' id='word_1_338' title='bbox 674 3463 730 3530; x_wconf 68' lang='lat'><strong>82.</strong></span> <span class='ocrx_word' id='word_1_339' title='bbox 763 3465 885 3526; x_wconf 71' lang='lat' dir='ltr'><strong>llereor</strong></span> <span class='ocrx_word' id='word_1_340' title='bbox 909 3474 952 3519; x_wconf 83' lang='lat' dir='ltr'><strong>ne</strong></span> <span class='ocrx_word' id='word_1_341' title='bbox 969 3459 1130 3533; x_wconf 70' lang='lat' dir='ltr'><strong>autmon-</strong></span> 
     </span>
    </p>
   </div>
   <div class='ocr_carea' id='block_1_3' title="bbox 0 0 1190 3780">
    <p class='ocr_par' dir='ltr' id='par_1_3' title="bbox 0 0 1190 3780">
     <span class='ocr_line' id='line_1_40' title="bbox 0 0 1190 3780; baseline 0 1"><span class='ocrx_word' id='word_1_342' title='bbox 0 0 1190 3780; x_wconf 95' lang='lat' dir='ltr'><strong> </strong></span> 
     </span>
    </p>
   </div>
  </div>
 </body>
</html>
