2370 3780
114 179 156 244 40
269 179 343 241 PRO
366 179 802 243 sux.lt08010AttlEtt1N0
826 181 977 243 ORATIO.

114 333 196 395 idem
209 330 282 394 mihi
302 351 363 395 usu
381 331 465 394 venit
483 333 514 393 in
528 349 622 394 causa
637 332 759 410 optima.
786 335 840 395 Ille
855 335 1009 410 quomodo
1026 333 1139 396 crimen

115 418 358 480 commenticium
379 418 571 478 confirmaret
585 434 646 478 non
664 418 853 479 inveniebat:
879 436 937 494 ego
952 436 1004 479 res
1019 428 1081 480 tam
1096 421 1139 480 le-

113 518 170 563 ves
192 519 253 578 qua
274 502 392 564 ratione
413 502 561 561 infirmem
581 518 617 562 ac
638 501 750 564 diluam
768 501 903 578 reperire
919 520 980 564 non
998 519 1138 579 possum.

113 583 164 648 43.
177 585 255 661 Quid
268 585 329 659 als,
343 585 455 646 Erucil
477 586 533 646 'fot
545 585 685 661 praedia,
701 594 761 647 tam
777 589 897 662 pulcra,
911 595 972 648 tam
983 588 1141 648 fructuosa

114 670 186 731 Sex,
193 670 324 731 Roscius
339 669 401 731 filio
417 685 473 729 suo
487 668 680 744 relegationis
694 687 730 730 ac
745 670 887 746 supplicii
899 670 995 746 gratia
1010 671 1140 732 colenda

114 771 151 815 ac
171 755 284 814 tuenda
300 753 486 814 tradideram
517 752 594 826 Quid
608 753 689 814 hocf
717 754 821 815 Patres
838 755 979 828 familias,
996 754 1048 831 qui
1066 755 1139 837 libeg

112 854 166 900 ros
182 838 309 911 habent,
331 837 510 913 praesertim
530 836 668 897 homines
688 837 768 898 illius
783 838 898 898 ordinis
913 856 952 899 ex
965 838 1138 914 municipiis

112 921 290 996 rusticanis,
308 938 412 996 ,nonne
433 921 654 996 optatissimum
674 920 732 981 sibi
751 929 858 1003 putant
880 938 950 983 esse
967 922 1047 982 filios
1063 939 1137 983 suos

114 1005 159 1067 rei
180 1003 317 1064 familiari
339 1003 468 1065 maxime
492 1004 608 1066 servire
630 1004 704 1066 etin
720 1005 854 1081 praediis
870 1005 1007 1066 colendis
1023 1021 1137 1083 operae

112 1088 275 1165 plurimum
299 1088 452 1164 studiique
475 1095 676 1149 consumere?
715 1087 766 1150 44.
788 1091 836 1148 An
857 1092 1034 1151 amandarat
1055 1089 1137 1150 bunc

113 1172 174 1245 sic,
196 1180 230 1233 ut
244 1180 328 1233 esset
342 1174 371 1232 in
385 1190 459 1248 agro
474 1189 510 1234 ac
525 1181 639 1234 tantum
653 1175 745 1234 modo
759 1174 890 1234 aleretur
904 1175 944 1234 ad
958 1173 1081 1234 villam?
1103 1182 1138 1234 ut

114 1256 281 1318 commodis
308 1256 447 1317 omnibus
472 1263 609 1319 emeretr
647 1256 746 1330 Quid?
773 1256 800 1316 si
825 1266 944 1319 constat
968 1258 1049 1318 hunc
1075 1274 1137 1318 non

113 1341 205 1401 modo
226 1340 363 1401 colendis
387 1341 521 1417 praediis
536 1340 723 1416 praefuisse,
745 1342 802 1401 sed
817 1341 907 1401 certis
932 1341 1035 1402 fundis
1050 1349 1136 1418 patre

112 1423 183 1484 vivo
201 1424 259 1484 frui
279 1424 400 1485 solitum
421 1432 513 1486 esset
541 1432 678 1485 tamenne
699 1427 775 1485 baec
795 1433 907 1486 attenta
927 1424 988 1486 vita
1005 1433 1035 1486 et
1047 1423 1136 1486 rusti-

110 1521 190 1568 cana
205 1508 349 1583 relegatio
362 1516 454 1583 atque
474 1508 645 1570 amandatio
661 1508 882 1585 appellabitur?
910 1509 1022 1582 Vides,
1036 1508 1136 1582 Eruci,

113 1601 257 1666 quantum
277 1591 367 1653 distet
379 1592 596 1667 argumentatio
613 1600 664 1652 tua
678 1594 715 1652 ab
730 1610 763 1653 re
778 1592 847 1668 ipsa
863 1602 955 1668 atque
969 1609 988 1652 a
1001 1593 1136 1654 veritate.

113 1675 201 1750 Quod
223 1677 444 1736 cousuetudine
468 1684 571 1752 putres
592 1675 718 1750 faciunt,
737 1677 766 1736 id
789 1676 877 1751 quasi
898 1694 1010 1738 novum
1032 1683 1154 1752 repre·'

36 1825 40 1830 ,
110 1758 237 1819 hendis=
264 1759 347 1832 quod
366 1759 578 1820 benevolentia
596 1760 658 1833 fita
671 1759 703 1820 id
725 1759 796 1821 odio
818 1763 929 1820 factum
951 1760 1135 1820 criminaris:

114 1843 198 1917 quod
213 1841 338 1903 honoris
353 1858 448 1903 causa
463 1851 548 1918 pater
559 1842 620 1904 lilio
638 1858 694 1904 suo
709 1844 877 1918 concessit,
890 1844 921 1903 id
935 1861 1004 1904 eum
1019 1843 1136 1920 suppli-

113 1925 152 1986 cii
169 1941 263 1986 causa
277 1925 388 1988 fecisse
403 1925 489 1986 dicis.
509 1924 559 1989 45.
574 1929 679 2001 Neque
691 1928 767 1991 haec
782 1936 813 1988 tu
828 1945 888 1988 non
906 1928 1063 2003 intelligis,
1080 1928 1136 1988 sed

111 2025 212 2084 usque
232 2025 269 2070 eo
293 2009 366 2086 quid
380 2026 490 2085 arguas
506 2028 566 2072 non
581 2011 692 2085 babes,
713 2019 746 2072 ut
767 2029 827 2072 non
851 2014 943 2073 modo
959 2012 1012 2072 tibi
1030 2020 1137 2073 conua

111 2109 170 2154 nos
192 2093 354 2153 dicendum
376 2103 481 2170 putes,
511 2112 617 2155 verum
643 2096 732 2155 etiam
754 2104 859 2156 contra
877 2112 978 2156 rerum
997 2104 1136 2156 naturam

18 2246 23 2261 Ι
113 2184 279 2253 contraque
310 2179 561 2239 consuetudinem
593 2179 747 2240 hominum
776 2189 942 2254 contraque
972 2179 1135 2255 opiniones

113 2259 255 2321 omnium.
296 2261 375 2321 XVI.
393 2263 434 2322 At
449 2262 529 2322 enim
550 2280 643 2338 quum
662 2264 740 2324 duos
755 2263 835 2323 lilios
853 2263 992 2339 haberet,
1008 2265 1134 2324 alterum

111 2361 179 2404 ese
194 2361 255 2405 non
272 2343 452 2418 dimittebat,
475 2347 600 2409 alterum
621 2346 683 2408 ruri
704 2362 775 2407 esse
792 2346 971 2422 patiebatur.
1003 2348 1134 2422 Quaeso,

112 2427 218 2500 Eruci,
238 2435 271 2488 ut
291 2428 351 2489 hoc
372 2429 403 2488 in
424 2430 534 2490 bonam
547 2438 663 2506 partem
675 2429 825 2505 accipias:
848 2447 909 2491 non
925 2430 1005 2491 enim
1023 2448 1133 2507 expro-

112 2510 220 2572 brandi
241 2527 349 2584 causa,
373 2514 429 2573 sed
450 2513 662 2575 commonendi
688 2515 784 2589 gratia
805 2514 913 2575 dicam.
952 2512 1002 2577 46.
1027 2515 1060 2576 Si
1081 2511 1133 2576 tibi

111 2597 231 2656 fortuna
252 2612 313 2656 non
334 2595 418 2658 dedit
435 2605 468 2657 ut
487 2606 574 2673 patre
589 2606 671 2658 certo
685 2614 861 2671 nascerere,
883 2614 922 2658 ex
944 2616 1005 2674 quo
1026 2596 1132 2660 intelli-

111 2694 183 2754 gere
202 2695 313 2754 posses
335 2681 387 2754 qui
406 2680 525 2741 animus
546 2681 661 2757 patrius
682 2680 712 2741 in
730 2681 843 2742 liberos
860 2691 958 2756 esset,
978 2691 1008 2743 at
1028 2690 1134 2743 natura

111 2770 192 2822 certe
207 2762 290 2823 dedit
312 2771 345 2823 ut
358 2762 551 2825 humanitatis
572 2783 632 2827 non
652 2782 759 2841 parum
779 2765 925 2825 haberes:
946 2781 983 2826 eo
1001 2764 1133 2826 accessit

111 2845 244 2907 studium
271 2845 443 2921 doctrinae,
469 2856 565 2909 utne
589 2850 732 2910 alitteris
754 2849 876 2923 quidem
899 2851 1016 2909 alienus
1035 2865 1131 2910 esses.

109 2929 229 3004 Ecquid
250 2930 371 2991 tundent
390 2930 444 2992 tibi
457 2931 589 3005 videtur,
612 2941 645 2994 ut
660 2933 699 2992 ad
713 2933 831 2992 fabulas
844 2935 1016 3007 veniamus,
1037 2947 1133 2994 senex

109 3011 161 3073 ifle
186 3013 373 3074 Caecilianus
397 3015 522 3077 minoris
548 3017 648 3076 facere
674 3016 844 3094 Eutychum
868 3017 963 3078 filium
987 3016 1132 3078 rusticum

111 3112 202 3171 quom
215 3096 298 3158 illum
318 3099 444 3160 alterurn
458 3099 721 3161 Chaerestratumf
732 3133 776 3144 -
788 3110 921 3174 nam,.ut
934 3100 1058 3176 opinor,
1072 3100 1132 3159 hoc

109 3179 232 3241 nomine
244 3189 291 3242 est
303 3206 360 3239 -ι
377 3184 503 3258 ειΙιθωῐιι,
516 3182 547 3242 in
561 3185 636 3244 urbe
651 3200 755 3245 secum
768 3183 893 3245 honoris
906 3201 1000 3245 causa
1012 3183 1132 3248 habero.

109 3265 237 3324 alterum
256 3280 309 3326 rus
330 3266 472 3342 supplicii
492 3282 587 3327 causa
611 3270 789 3342 relegasset
820 3265 871 3330 47.
896 3269 973 3341 Quid
995 3269 1035 3327 ad
1056 3266 1131 3327 istus

96 3345 341 3416 manifestabis?
354 3349 489 3426 inquies.
518 3351 611 3426 Quasi
627 3367 698 3411 vero
713 3350 786 3410 mihi
800 3350 924 3411 difficile
939 3350 978 3412 sit
993 3347 1131 3425 quamvis

76 3425 199 3482 multos
217 3430 406 3494 nomr'nafim
417 3437 583 3516 proferre,
604 3452 647 3498 ne
664 3435 790 3513 longius
807 3433 1143 3508 absumaturnam
