2370 3780
68 194 110 257 64
235 192 309 253 una
331 192 414 253 SEX.
430 192 566 253 ROSCIO
581 190 756 253 ,sslEth'O
772 192 932 257 Offi'sso.

70 349 137 419 rint,
155 362 233 421 cquae
245 344 349 406 ‹liesin
365 348 433 420 lege
448 345 606 420 praefinita
617 356 673 415 est,
690 344 801 405 deinde
815 348 1001 409 ctrrtantule
1013 346 1078 409 ran·

71 430 157 490 crint.
201 432 284 503 Quae
311 430 412 489 emnia
438 430 480 499 si,
504 430 758 503 quemadmodum
790 432 891 491 solent
917 430 1020 491 liberti
1039 446 1074 493 ue

71 532 161 587 cpiam
174 524 204 573 ct
219 514 348 587 imprebi
365 516 474 581 lacere,
486 513 514 569 in
529 520 687 585 patronum
703 530 791 573 suum
801 512 934 575 voluerit
945 516 1076 587 coalent,

70 598 141 657 nihil
160 596 265 671 egerit.
304 598 397 656 Neine
413 604 460 653 est
475 594 555 653 enim
571 594 622 667 qni
637 596 753 656 nesciat
768 608 896 671 propter
914 596 1078 673 magnitude

70 698 137 739 nem
153 696 252 739 rerum
268 680 360 739 multa
375 680 500 739 multas,
516 678 623 751 partim
638 680 829 753 imprudente
845 680 878 739 L.
899 680 999 757 Sulla,
1015 696 1079 743 cau

69 764 201 823 irrisisse.
231 762 300 823 tat.
337 762 437 819 Placet
457 761 545 835 igitur
559 760 587 819 in
604 761 651 819 his
668 764 761 821 rebus
782 762 900 838 aliquid
921 764 1081 842 imprudetr

69 848 109 907 tia
127 846 305 921 praeteririt
340 845 405 903 h'on
426 846 542 919 placet,
565 844 698 915 iudices,
721 845 777 903 sed
800 862 934 909 necesse
958 858 1019 911 est.
1044 848 1082 909 lit·

68 930 148 989 enirn
175 930 199 989 si
225 927 360 1003 luppiter
382 928 514 1002 efruinus
537 927 702 999 maximus,
723 928 811 988 cuius
830 938 906 991 nutu
927 940 960 993 et
972 929 1084 993 arbib'b

68 1018 199 1083 cerretum,
214 1020 293 1071 terra
305 1010 459 1087 mariaque
473 1026 629 1087 reguntur,
651 1027 746 1088 saepe
766 1012 867 1073 ventis
887 1014 1083 1077 vehementie

67 1098 152 1155 ribus
178 1106 230 1155 aut
249 1096 453 1155 immedemtis
476 1096 706 1171 tempestatibus
727 1104 779 1155 aut
804 1097 898 1158 nimio
919 1100 1026 1161 calore
1045 1104 1086 1159 tut

68 1179 247 1239 intolerabili
273 1179 384 1254 hieme
415 1180 586 1241 hominibus
612 1180 728 1250 nocuit,
755 1180 848 1239 urbes
880 1181 1085 1257 determine

69 1280 124 1337 rges
146 1264 291 1337 perdidih
312 1280 441 1339 querum
461 1264 533 1323 nihil
555 1264 682 1339 pernicii
702 1280 796 1324 causa
816 1263 921 1325 divino
951 1266 1085 1337 consilia,

70 1348 124 1407 scil
142 1347 170 1407 ri
186 1348 255 1423 ipsa
268 1356 297 1407 et
312 1346 516 1421 magnitudine
530 1362 629 1406 rerum
645 1350 756 1409 lactum
772 1355 929 1423 putamus,
945 1358 978 1411 at
992 1358 1088 1413 centn

70 1434 231 1493 eemnterla
251 1430 361 1507 quibus
377 1430 487 1493 utimur
500 1431 660 1505 lucemque
675 1449 736 1507 qua
751 1431 875 1491 fruimur
892 1432 1088 1511 spiritumque

70 1532 161 1591 quem
181 1515 321 1575 ducimus
338 1515 376 1573 ab
398 1532 436 1575 ee
457 1514 547 1573 notris
570 1513 636 1573 dari
660 1523 753 1590 atque
776 1513 922 1591 impertiri
943 1516 1088 1589 ridemur,

69 1600 142 1675 «quill
159 1600 300 1659 miramur
316 1598 349 1657 L.
365 1598 494 1670 Sullam,
509 1613 602 1671 quum
620 1599 705 1659 solus
722 1616 785 1658 rem
806 1598 959 1674 pubiicum
975 1608 1091 1677 regeret

70 1684 237 1757 urbemque
248 1692 393 1741 terrarum
405 1680 587 1755 gubernaret
597 1679 990 1758 imperiiquematestatem,
1003 1686 1089 1761 quah

69 1766 161 1825 armis
176 1772 347 1839 receperat,
369 1764 487 1835 legibus
504 1764 713 1837 cenllrmaret,
734 1766 837 1841 aliqua
853 1764 1091 1831 animadvertere

70 1866 129 1907 nen
146 1848 304 1923 potuisset
319 1846 377 1907 nisi
392 1846 451 1906 hoc
467 1848 573 1908 mirum
589 1856 651 1918 est,
673 1851 755 1925 quod
776 1849 823 1909 vis
844 1848 946 1909 divina
962 1848 1091 1929 adsequi

69 1948 129 1991 nen
149 1931 263 2007 pressit,
279 1930 306 1991 si
322 1930 354 1991 id
367 1948 453 1992 mens
468 1930 598 1991 humana
613 1932 726 2007 adepta
740 1949 799 1994 nen
815 1930 863 1992 sil.
884 1930 955 1994 132.
979 1936 1092 1997 vernn

70 2024 102 2076 ut
122 2016 198 2075 haee
218 2013 313 2075 missa
334 2014 458 2088 taciem,
483 2030 563 2089 quae
583 2013 641 2075 iam
664 2018 842 2086 factasunt,
867 2032 906 2075 ex
928 2014 983 2089 iis,
1013 2034 1093 2095 quaa

71 2116 152 2157 nunc
176 2116 268 2171 quum
289 2096 420 2159 maxime
440 2100 532 2171 liunt,
553 2114 655 2159 nonne
676 2098 778 2175 quivis
801 2107 904 2173 potest
925 2100 1093 2177 intelligere

70 2180 202 2241 onimium
217 2181 414 2242 architectum
428 2190 459 2243 et
475 2180 712 2244 machinatorem
726 2199 819 2245 unum
833 2198 905 2243 esse
920 2182 1093 2259 Chrysoge

69 2282 156 2335 num,
171 2263 223 2341 qui
237 2264 310 2325 Sex.
325 2264 431 2326 Roscii
445 2282 555 2327 nomen
567 2267 764 2327 deserendum
783 2265 900 2325 curarit
924 2266 995 2339 [hoc
1016 2266 1093 2329 iudi·

71 2346 179 2422 ciun1,]
195 2346 283 2409 cuius
296 2347 424 2410 honoris
437 2366 533 2410 causa
545 2365 692 2411 accusare
707 2368 742 2412 se
756 2348 832 2410 dixit
846 2348 998 2410 Erueiust

426 2434 539 2496 Desunt
549 2450 607 2493 aaa
619 2451 730 2511 pauca.
1033 2502 1036 2507 ¹

70 2514 107 2553 *t
121 2514 151 2575 in
166 2512 236 2576 vice
251 2512 403 2575 Pallnclne
415 2516 456 2557 t*
471 2515 602 2577 maxime
618 2513 772 2579 metuit**
787 2512 817 2574 in
832 2514 1063 2576 Veientanam*
1077 2516 1094 2555 *

70 2616 161 2659 rnanu
173 2596 297 2675 praedia
307 2597 486 2673 praediis**
498 2598 547 2659 hie
559 2616 616 2675 ego
628 2600 733 2661 audire
746 2596 822 2659 istos
834 2598 927 2673 cupio
938 2600 977 2638 **
987 2599 1095 2661 XLVl.

70 2690 170 2757 aptam
196 2692 227 2743 et
250 2680 366 2743 ratione
388 2680 570 2757 dispositam
590 2700 626 2744 se
646 2684 758 2743 trabere
778 2680 966 2753 existimant,
987 2684 1040 2757 qui
1061 2684 1093 2744 in

71 2766 235 2827 salentinis
250 2773 303 2825 aut
318 2764 348 2825 in
364 2765 489 2837 Bruttiis
504 2765 630 2840 hebent,
644 2766 725 2827 unde
739 2761 793 2823 vix
814 2772 861 2824 ter
880 2764 911 2824 in
932 2781 1013 2825 anno
1038 2784 1091 2829 au·

70 2850 136 2909 dire
151 2849 291 2911 nuncium
306 2858 445 2923 possunt.

155 2932 225 2997 133.
253 2933 338 2994 Alter
359 2932 412 2993 tibi
427 2932 585 2994 descendit
605 2933 645 2993 de
665 2927 777 3007 palatio
799 2939 829 2992 et
854 2929 984 2992 aedibus
1009 2934 1093 2996 sulse

71 3014 162 3077 habet
181 3016 271 3076 animi
292 3016 448 3077 relaxandi
473 3032 567 3077 causa
586 3032 640 3075 rus
654 3030 814 3075 amoenum
829 3024 859 3077 et
873 3013 1092 3089 suburbanum,

73 3100 160 3173 plura
175 3110 333 3173 praeterea
350 3100 476 3177 praedia
490 3116 591 3175 neque
604 3108 703 3161 tamen
719 3100 812 3158 ullum
826 3098 885 3160 nisi
899 3103 1090 3176 praeclarum

72 3190 102 3244 et
117 3181 334 3259 propinquum
356 3186 465 3247 domus
484 3186 597 3246 referta
616 3182 701 3243 vasis
716 3181 877 3245 Corinthiis
899 3193 930 3246 et
942 3181 1089 3253 Deliacis,

72 3268 102 3327 in
119 3264 230 3341 quibus
245 3276 293 3328 est
307 3268 456 3345 authepsa
469 3268 534 3342 illa,
558 3284 649 3344 quam
664 3274 746 3327 tanto
767 3267 871 3343 precio
893 3280 992 3343 nuper
1010 3278 1088 3322 mer·

72 3360 160 3411 catus
175 3356 236 3421 est,
251 3359 284 3411 ut
297 3349 349 3425 qui
364 3361 592 3427 praetereuntes
616 3350 691 3428 quid
705 3366 816 3429 praeco
834 3354 1021 3411 enumeraret
1034 3362 1087 3404 au-

62 3434 200 3510 diebant,
222 3433 349 3498 landum
366 3435 471 3501 uenire
488 3436 721 3503 arbitrarentur.
753 3433 840 3513 Quid
855 3436 1017 3508 praeterea
1033 3439 1102 3481 eae-
