<?xml version="1.0" encoding="UTF-8"?>
<!DOCTYPE html PUBLIC "-//W3C//DTD XHTML 1.0 Transitional//EN"
    "http://www.w3.org/TR/xhtml1/DTD/xhtml1-transitional.dtd">
<html xmlns="http://www.w3.org/1999/xhtml" xml:lang="en" lang="en">
 <head>
  <title>
</title>
<meta http-equiv="Content-Type" content="text/html;charset=utf-8" />
  <meta name='ocr-system' content='tesseract 3.04.00' />
  <meta name='ocr-capabilities' content='ocr_page ocr_carea ocr_par ocr_line ocrx_word'/>
</head>
<body>
  <div class='ocr_page' id='page_1' title='image "./mtulliiciceroni85cicegoog/mtulliiciceroni85cicegoog_0017.png"; bbox 0 0 2370 3780; ppageno 0'>
   <div class='ocr_carea' id='block_1_1' title="bbox 71 184 831 260">
    <p class='ocr_par' dir='ltr' id='par_1_1' title="bbox 71 184 831 260">
     <span class='ocr_line' id='line_1_1' title="bbox 71 184 831 260; baseline -0.007 -11"><span class='ocrx_word' id='word_1_1' title='bbox 71 186 112 250; x_wconf 83' lang='lat'>10</span> <span class='ocrx_word' id='word_1_2' title='bbox 337 185 410 248; x_wconf 84' lang='lat' dir='ltr'>PRO</span> <span class='ocrx_word' id='word_1_3' title='bbox 428 185 459 246; x_wconf 92' lang='lat' dir='ltr'>P.</span> <span class='ocrx_word' id='word_1_4' title='bbox 482 185 657 260; x_wconf 85' lang='lat' dir='ltr'>QUlNCTlt)</span> <span class='ocrx_word' id='word_1_5' title='bbox 680 184 831 248; x_wconf 80' lang='lat' dir='ltr'><strong>ORATIO.</strong></span> 
     </span>
    </p>
   </div>
   <div class='ocr_carea' id='block_1_2' title="bbox 4 335 1121 3513">
    <p class='ocr_par' dir='ltr' id='par_1_2' title="bbox 69 335 1093 665">
     <span class='ocr_line' id='line_1_2' title="bbox 70 335 1093 417; baseline 0.002 -18"><span class='ocrx_word' id='word_1_6' title='bbox 70 338 154 399; x_wconf 88' lang='lat' dir='ltr'>tione</span> <span class='ocrx_word' id='word_1_7' title='bbox 176 337 374 412; x_wconf 89' lang='lat' dir='ltr'>revocabitis,</span> <span class='ocrx_word' id='word_1_8' title='bbox 404 336 431 399; x_wconf 88' lang='lat' dir='ltr'>si</span> <span class='ocrx_word' id='word_1_9' title='bbox 461 348 546 399; x_wconf 87' lang='lat' dir='ltr'>extra</span> <span class='ocrx_word' id='word_1_10' title='bbox 568 338 626 399; x_wconf 88' lang='lat' dir='ltr'>hos</span> <span class='ocrx_word' id='word_1_11' title='bbox 649 340 802 401; x_wconf 88' lang='lat' dir='ltr'>cancellos</span> <span class='ocrx_word' id='word_1_12' title='bbox 825 335 929 414; x_wconf 86' lang='lat' dir='ltr'>egredi</span> <span class='ocrx_word' id='word_1_13' title='bbox 948 342 1093 417; x_wconf 86' lang='lat' dir='ltr'>conabor,</span> 
     </span>
     <span class='ocr_line' id='line_1_3' title="bbox 71 421 1092 501; baseline 0.004 -19"><span class='ocrx_word' id='word_1_14' title='bbox 71 438 151 498; x_wconf 90' lang='lat' dir='ltr'>quos</span> <span class='ocrx_word' id='word_1_15' title='bbox 167 421 239 482; x_wconf 90' lang='lat' dir='ltr'>mibi</span> <span class='ocrx_word' id='word_1_16' title='bbox 253 422 322 498; x_wconf 87' lang='lat' dir='ltr'>ipse</span> <span class='ocrx_word' id='word_1_17' title='bbox 337 421 531 483; x_wconf 89' lang='lat' dir='ltr'>circumdedi.</span> <span class='ocrx_word' id='word_1_18' title='bbox 566 423 650 496; x_wconf 88' lang='lat' dir='ltr'>Nego</span> <span class='ocrx_word' id='word_1_19' title='bbox 667 423 763 485; x_wconf 92' lang='lat' dir='ltr'>luisse</span> <span class='ocrx_word' id='word_1_20' title='bbox 777 439 905 483; x_wconf 84' lang='lat' dir='ltr'>causam</span> <span class='ocrx_word' id='word_1_21' title='bbox 920 439 975 485; x_wconf 87' lang='lat' dir='ltr'>cur</span> <span class='ocrx_word' id='word_1_22' title='bbox 987 437 1092 501; x_wconf 88' lang='lat' dir='ltr'>postu-</span> 
     </span>
     <span class='ocr_line' id='line_1_4' title="bbox 69 504 1091 583; baseline 0 -17"><span class='ocrx_word' id='word_1_23' title='bbox 69 508 160 566; x_wconf 83' lang='lat' dir='ltr'>laret:</span> <span class='ocrx_word' id='word_1_24' title='bbox 184 523 263 582; x_wconf 87' lang='lat' dir='ltr'>nego</span> <span class='ocrx_word' id='word_1_25' title='bbox 286 522 325 566; x_wconf 90' lang='lat' dir='ltr'>ex</span> <span class='ocrx_word' id='word_1_26' title='bbox 340 505 440 567; x_wconf 87' lang='lat' dir='ltr'>edicto</span> <span class='ocrx_word' id='word_1_27' title='bbox 456 504 617 581; x_wconf 87' lang='lat' dir='ltr'>possidere</span> <span class='ocrx_word' id='word_1_28' title='bbox 630 505 784 580; x_wconf 81' lang='lat' dir='ltr'>potuisse:</span> <span class='ocrx_word' id='word_1_29' title='bbox 804 523 883 583; x_wconf 88' lang='lat' dir='ltr'>nego</span> <span class='ocrx_word' id='word_1_30' title='bbox 901 509 1091 582; x_wconf 83' lang='lat' dir='ltr'><strong>possedisse.</strong></span> 
     </span>
     <span class='ocr_line' id='line_1_5' title="bbox 69 589 678 665; baseline -0.002 -15"><span class='ocrx_word' id='word_1_31' title='bbox 69 591 152 651; x_wconf 90' lang='lat' dir='ltr'>Haec</span> <span class='ocrx_word' id='word_1_32' title='bbox 167 590 225 652; x_wconf 90' lang='lat' dir='ltr'>tria</span> <span class='ocrx_word' id='word_1_33' title='bbox 239 607 332 665; x_wconf 93' lang='lat' dir='ltr'>quum</span> <span class='ocrx_word' id='word_1_34' title='bbox 350 590 501 662; x_wconf 88' lang='lat' dir='ltr'>docuer0,</span> <span class='ocrx_word' id='word_1_35' title='bbox 516 589 678 664; x_wconf 80' lang='lat' dir='ltr'><strong>perorabo.</strong></span> 
     </span>
    </p>

    <p class='ocr_par' dir='ltr' id='par_1_3' title="bbox 62 671 1095 2090">
     <span class='ocr_line' id='line_1_6' title="bbox 152 671 1093 750; baseline 0 -15"><span class='ocrx_word' id='word_1_36' title='bbox 152 675 202 735; x_wconf 90' lang='lat' dir='ltr'>XI.</span> <span class='ocrx_word' id='word_1_37' title='bbox 224 671 276 735; x_wconf 80' lang='grc'>37.</span> <span class='ocrx_word' id='word_1_38' title='bbox 302 674 370 734; x_wconf 91' lang='lat' dir='ltr'>Non</span> <span class='ocrx_word' id='word_1_39' title='bbox 384 672 441 733; x_wconf 88' lang='lat' dir='ltr'>luit</span> <span class='ocrx_word' id='word_1_40' title='bbox 454 689 549 733; x_wconf 88' lang='lat' dir='ltr'>causa</span> <span class='ocrx_word' id='word_1_41' title='bbox 566 688 620 733; x_wconf 90' lang='lat' dir='ltr'>cur</span> <span class='ocrx_word' id='word_1_42' title='bbox 633 674 816 747; x_wconf 87' lang='lat' dir='ltr'>postulares.</span> <span class='ocrx_word' id='word_1_43' title='bbox 851 675 986 750; x_wconf 84' lang='lat' dir='ltr'>Quihoc</span> <span class='ocrx_word' id='word_1_44' title='bbox 1008 675 1093 736; x_wconf 87' lang='lat' dir='ltr'>intel·</span> 
     </span>
     <span class='ocr_line' id='line_1_7' title="bbox 69 755 1094 833; baseline 0 -15"><span class='ocrx_word' id='word_1_45' title='bbox 69 755 122 833; x_wconf 88' lang='lat' dir='ltr'>ligi</span> <span class='ocrx_word' id='word_1_46' title='bbox 144 765 269 833; x_wconf 80' lang='lat' dir='ltr'>potestt</span> <span class='ocrx_word' id='word_1_47' title='bbox 296 757 372 832; x_wconf 89' lang='lat' dir='ltr'>Quia</span> <span class='ocrx_word' id='word_1_48' title='bbox 393 756 464 816; x_wconf 84' lang='lat' dir='ltr'>Sex.</span> <span class='ocrx_word' id='word_1_49' title='bbox 480 757 595 817; x_wconf 90' lang='lat' dir='ltr'>Naevio</span> <span class='ocrx_word' id='word_1_50' title='bbox 616 773 719 831; x_wconf 89' lang='lat' dir='ltr'>neque</span> <span class='ocrx_word' id='word_1_51' title='bbox 742 773 782 816; x_wconf 90' lang='lat' dir='ltr'>ex</span> <span class='ocrx_word' id='word_1_52' title='bbox 804 759 959 822; x_wconf 86' lang='lat' dir='ltr'>societatis</span> <span class='ocrx_word' id='word_1_53' title='bbox 976 760 1094 819; x_wconf 89' lang='lat' dir='ltr'>ratione</span> 
     </span>
     <span class='ocr_line' id='line_1_8' title="bbox 62 839 1095 918; baseline 0.001 -16"><span class='ocrx_word' id='word_1_54' title='bbox 62 859 172 916; x_wconf 62' lang='lat' dir='ltr'>‚neque</span> <span class='ocrx_word' id='word_1_55' title='bbox 194 840 337 916; x_wconf 90' lang='lat' dir='ltr'>privatim</span> <span class='ocrx_word' id='word_1_56' title='bbox 358 839 524 916; x_wconf 88' lang='lat' dir='ltr'><strong>quidquam</strong></span> <span class='ocrx_word' id='word_1_57' title='bbox 546 840 651 900; x_wconf 85' lang='lat' dir='ltr'>debuit</span> <span class='ocrx_word' id='word_1_58' title='bbox 664 839 830 913; x_wconf 79' lang='lat' dir='ltr'>Quinctius.</span> <span class='ocrx_word' id='word_1_59' title='bbox 865 843 938 918; x_wconf 89' lang='lat' dir='ltr'>Quis</span> <span class='ocrx_word' id='word_1_60' title='bbox 959 842 1029 903; x_wconf 88' lang='lat' dir='ltr'>huic</span> <span class='ocrx_word' id='word_1_61' title='bbox 1049 841 1095 903; x_wconf 88' lang='lat' dir='ltr'>rei</span> 
     </span>
     <span class='ocr_line' id='line_1_9' title="bbox 68 922 1094 1000; baseline -0.001 -14"><span class='ocrx_word' id='word_1_62' title='bbox 68 925 156 987; x_wconf 88' lang='lat' dir='ltr'>testis</span> <span class='ocrx_word' id='word_1_63' title='bbox 171 932 239 985; x_wconf 74' lang='lat' dir='ltr'>est?</span> <span class='ocrx_word' id='word_1_64' title='bbox 263 926 347 985; x_wconf 85' lang='lat' dir='ltr'><strong>Idem</strong></span> <span class='ocrx_word' id='word_1_65' title='bbox 362 924 414 1000; x_wconf 91' lang='lat' dir='ltr'>qui</span> <span class='ocrx_word' id='word_1_66' title='bbox 429 923 594 985; x_wconf 87' lang='lat' dir='ltr'>acerrimus</span> <span class='ocrx_word' id='word_1_67' title='bbox 610 922 815 985; x_wconf 88' lang='lat' dir='ltr'>adversarius.</span> <span class='ocrx_word' id='word_1_68' title='bbox 835 926 869 985; x_wconf 92' lang='lat' dir='ltr'>ln</span> <span class='ocrx_word' id='word_1_69' title='bbox 883 928 962 987; x_wconf 90' lang='lat' dir='ltr'>hanc</span> <span class='ocrx_word' id='word_1_70' title='bbox 976 943 1039 986; x_wconf 88' lang='lat' dir='ltr'>rem</span> <span class='ocrx_word' id='word_1_71' title='bbox 1054 934 1094 999; x_wconf 90' lang='lat' dir='ltr'>te,</span> 
     </span>
     <span class='ocr_line' id='line_1_10' title="bbox 67 1007 1095 1085; baseline -0.001 -15"><span class='ocrx_word' id='word_1_72' title='bbox 67 1018 99 1070; x_wconf 90' lang='lat' dir='ltr'>te</span> <span class='ocrx_word' id='word_1_73' title='bbox 113 1008 252 1084; x_wconf 90' lang='lat' dir='ltr'>inquam,</span> <span class='ocrx_word' id='word_1_74' title='bbox 267 1016 391 1081; x_wconf 90' lang='lat' dir='ltr'>testem,</span> <span class='ocrx_word' id='word_1_75' title='bbox 404 1009 514 1081; x_wconf 80' lang='lat' dir='ltr'>Naeui,</span> <span class='ocrx_word' id='word_1_76' title='bbox 530 1007 640 1068; x_wconf 80' lang='lat' dir='ltr'>citabo.</span> <span class='ocrx_word' id='word_1_77' title='bbox 666 1011 789 1068; x_wconf 89' lang='lat' dir='ltr'>Annum</span> <span class='ocrx_word' id='word_1_78' title='bbox 800 1016 830 1069; x_wconf 87' lang='lat' dir='ltr'>et</span> <span class='ocrx_word' id='word_1_79' title='bbox 845 1026 881 1070; x_wconf 93' lang='lat' dir='ltr'>eo</span> <span class='ocrx_word' id='word_1_80' title='bbox 895 1011 1007 1072; x_wconf 90' lang='lat' dir='ltr'>diutius</span> <span class='ocrx_word' id='word_1_81' title='bbox 1022 1017 1095 1085; x_wconf 89' lang='lat' dir='ltr'>post</span> 
     </span>
     <span class='ocr_line' id='line_1_11' title="bbox 68 1090 1094 1166; baseline 0.001 -14"><span class='ocrx_word' id='word_1_82' title='bbox 68 1101 195 1154; x_wconf 89' lang='lat' dir='ltr'>mortem</span> <span class='ocrx_word' id='word_1_83' title='bbox 208 1092 239 1151; x_wconf 85' lang='lat' dir='ltr'>C.</span> <span class='ocrx_word' id='word_1_84' title='bbox 252 1091 381 1166; x_wconf 89' lang='lat' dir='ltr'>Quinctii</span> <span class='ocrx_word' id='word_1_85' title='bbox 392 1092 447 1154; x_wconf 92' lang='lat' dir='ltr'>luit</span> <span class='ocrx_word' id='word_1_86' title='bbox 461 1092 492 1152; x_wconf 91' lang='lat' dir='ltr'>in</span> <span class='ocrx_word' id='word_1_87' title='bbox 505 1090 599 1151; x_wconf 87' lang='lat' dir='ltr'>Gallia</span> <span class='ocrx_word' id='word_1_88' title='bbox 616 1100 714 1151; x_wconf 92' lang='lat' dir='ltr'>tecum</span> <span class='ocrx_word' id='word_1_89' title='bbox 727 1092 815 1153; x_wconf 92' lang='lat' dir='ltr'>simul</span> <span class='ocrx_word' id='word_1_90' title='bbox 827 1091 994 1166; x_wconf 72' lang='lat' dir='ltr'><strong>Quinctius.</strong></span> <span class='ocrx_word' id='word_1_91' title='bbox 1009 1095 1094 1154; x_wconf 90' lang='lat' dir='ltr'>Doce</span> 
     </span>
     <span class='ocr_line' id='line_1_12' title="bbox 67 1173 1093 1252; baseline -0.006 -14"><span class='ocrx_word' id='word_1_92' title='bbox 67 1186 98 1238; x_wconf 87' lang='lat' dir='ltr'>te</span> <span class='ocrx_word' id='word_1_93' title='bbox 109 1176 225 1252; x_wconf 88' lang='lat' dir='ltr'>petisse</span> <span class='ocrx_word' id='word_1_94' title='bbox 236 1177 274 1236; x_wconf 89' lang='lat' dir='ltr'>ab</span> <span class='ocrx_word' id='word_1_95' title='bbox 289 1192 326 1236; x_wconf 90' lang='lat' dir='ltr'>eo</span> <span class='ocrx_word' id='word_1_96' title='bbox 340 1175 429 1236; x_wconf 85' lang='lat' dir='ltr'>istam</span> <span class='ocrx_word' id='word_1_97' title='bbox 440 1175 545 1235; x_wconf 90' lang='lat' dir='ltr'>nescio</span> <span class='ocrx_word' id='word_1_98' title='bbox 558 1191 648 1250; x_wconf 91' lang='lat' dir='ltr'>quam</span> <span class='ocrx_word' id='word_1_99' title='bbox 659 1173 907 1237; x_wconf 83' lang='lat' dir='ltr'>innumerabilem</span> <span class='ocrx_word' id='word_1_100' title='bbox 919 1177 1093 1252; x_wconf 80' lang='lat' dir='ltr'>pecuniam:</span> 
     </span>
     <span class='ocr_line' id='line_1_13' title="bbox 69 1258 1095 1345; baseline -0.001 -24"><span class='ocrx_word' id='word_1_101' title='bbox 69 1261 147 1321; x_wconf 89' lang='lat' dir='ltr'>doce</span> <span class='ocrx_word' id='word_1_102' title='bbox 164 1259 328 1345; x_wconf 82' lang='lat' dir='ltr'>aliquando</span> <span class='ocrx_word' id='word_1_103' title='bbox 340 1259 524 1320; x_wconf 79' lang='lat' dir='ltr'>mentionem</span> <span class='ocrx_word' id='word_1_104' title='bbox 540 1260 666 1331; x_wconf 87' lang='lat' dir='ltr'>secisse,</span> <span class='ocrx_word' id='word_1_105' title='bbox 679 1258 796 1320; x_wconf 86' lang='lat' dir='ltr'>dixisse</span> <span class='ocrx_word' id='word_1_106' title='bbox 811 1261 930 1321; x_wconf 81' lang='lat' dir='ltr'>deberi:</span> <span class='ocrx_word' id='word_1_107' title='bbox 949 1260 1095 1322; x_wconf 88' lang='lat' dir='ltr'>debuisse</span> 
     </span>
     <span class='ocr_line' id='line_1_14' title="bbox 68 1339 1093 1418; baseline -0.002 -14"><span class='ocrx_word' id='word_1_108' title='bbox 68 1345 244 1404; x_wconf 86' lang='lat' dir='ltr'>concedam.</span> <span class='ocrx_word' id='word_1_109' title='bbox 263 1339 333 1405; x_wconf 84' lang='grc'>’38.</span> <span class='ocrx_word' id='word_1_110' title='bbox 355 1343 479 1404; x_wconf 86' lang='lat' dir='ltr'>Moritur</span> <span class='ocrx_word' id='word_1_111' title='bbox 494 1343 525 1402; x_wconf 85' lang='lat' dir='ltr'>C.</span> <span class='ocrx_word' id='word_1_112' title='bbox 541 1341 713 1416; x_wconf 72' lang='lat' dir='ltr'>Quinctius,</span> <span class='ocrx_word' id='word_1_113' title='bbox 736 1343 788 1417; x_wconf 88' lang='lat' dir='ltr'>qui</span> <span class='ocrx_word' id='word_1_114' title='bbox 808 1343 877 1418; x_wconf 90' lang='lat' dir='ltr'>tibi,</span> <span class='ocrx_word' id='word_1_115' title='bbox 898 1352 932 1405; x_wconf 92' lang='lat' dir='ltr'>ut</span> <span class='ocrx_word' id='word_1_116' title='bbox 944 1344 1005 1418; x_wconf 89' lang='lat' dir='ltr'>ais,</span> <span class='ocrx_word' id='word_1_117' title='bbox 1029 1360 1093 1405; x_wconf 86' lang='lat' dir='ltr'>cer-</span> 
     </span>
     <span class='ocr_line' id='line_1_15' title="bbox 66 1425 1093 1502; baseline -0.002 -14"><span class='ocrx_word' id='word_1_118' title='bbox 66 1426 107 1488; x_wconf 88' lang='lat' dir='ltr'>tis</span> <span class='ocrx_word' id='word_1_119' title='bbox 136 1427 309 1488; x_wconf 93' lang='lat' dir='ltr'>nominibus</span> <span class='ocrx_word' id='word_1_120' title='bbox 337 1428 482 1502; x_wconf 77' lang='lat' dir='ltr'>grandem</span> <span class='ocrx_word' id='word_1_121' title='bbox 506 1425 669 1502; x_wconf 86' lang='lat' dir='ltr'>pecuniam</span> <span class='ocrx_word' id='word_1_122' title='bbox 697 1426 810 1488; x_wconf 90' lang='lat' dir='ltr'>debuit.</span> <span class='ocrx_word' id='word_1_123' title='bbox 851 1429 948 1488; x_wconf 87' lang='lat' dir='ltr'>Heres</span> <span class='ocrx_word' id='word_1_124' title='bbox 971 1430 1036 1488; x_wconf 88' lang='lat' dir='ltr'>eius</span> <span class='ocrx_word' id='word_1_125' title='bbox 1061 1428 1093 1487; x_wconf 87' lang='lat' dir='ltr'>P.</span> 
     </span>
     <span class='ocr_line' id='line_1_16' title="bbox 68 1509 1093 1586; baseline -0.005 -14"><span class='ocrx_word' id='word_1_126' title='bbox 68 1510 224 1585; x_wconf 82' lang='lat' dir='ltr'>Quinctius</span> <span class='ocrx_word' id='word_1_127' title='bbox 239 1511 270 1570; x_wconf 91' lang='lat' dir='ltr'>in</span> <span class='ocrx_word' id='word_1_128' title='bbox 284 1511 410 1571; x_wconf 88' lang='lat' dir='ltr'>Galliam</span> <span class='ocrx_word' id='word_1_129' title='bbox 424 1511 464 1570; x_wconf 93' lang='lat' dir='ltr'>ad</span> <span class='ocrx_word' id='word_1_130' title='bbox 475 1518 505 1571; x_wconf 91' lang='lat' dir='ltr'>te</span> <span class='ocrx_word' id='word_1_131' title='bbox 517 1509 618 1585; x_wconf 89' lang='lat' dir='ltr'>ipsum</span> <span class='ocrx_word' id='word_1_132' title='bbox 632 1509 714 1570; x_wconf 89' lang='lat' dir='ltr'>venit</span> <span class='ocrx_word' id='word_1_133' title='bbox 726 1512 757 1571; x_wconf 94' lang='lat' dir='ltr'>in</span> <span class='ocrx_word' id='word_1_134' title='bbox 770 1527 875 1586; x_wconf 84' lang='lat' dir='ltr'>agrum</span> <span class='ocrx_word' id='word_1_135' title='bbox 887 1528 1093 1572; x_wconf 71' lang='lat' dir='ltr'>communemz</span> 
     </span>
     <span class='ocr_line' id='line_1_17' title="bbox 67 1594 1094 1671; baseline 0 -15"><span class='ocrx_word' id='word_1_136' title='bbox 67 1611 105 1656; x_wconf 87' lang='lat' dir='ltr'>eo</span> <span class='ocrx_word' id='word_1_137' title='bbox 122 1595 268 1670; x_wconf 90' lang='lat' dir='ltr'>denique,</span> <span class='ocrx_word' id='word_1_138' title='bbox 286 1595 339 1656; x_wconf 94' lang='lat' dir='ltr'>ubi</span> <span class='ocrx_word' id='word_1_139' title='bbox 350 1612 411 1657; x_wconf 93' lang='lat' dir='ltr'>non</span> <span class='ocrx_word' id='word_1_140' title='bbox 424 1595 516 1655; x_wconf 91' lang='lat' dir='ltr'>modo</span> <span class='ocrx_word' id='word_1_141' title='bbox 530 1610 582 1654; x_wconf 88' lang='lat' dir='ltr'>res</span> <span class='ocrx_word' id='word_1_142' title='bbox 597 1602 675 1666; x_wconf 90' lang='lat' dir='ltr'>erat,</span> <span class='ocrx_word' id='word_1_143' title='bbox 692 1595 748 1654; x_wconf 87' lang='lat' dir='ltr'>sed</span> <span class='ocrx_word' id='word_1_144' title='bbox 761 1595 838 1657; x_wconf 90' lang='lat' dir='ltr'>ratio</span> <span class='ocrx_word' id='word_1_145' title='bbox 854 1610 979 1671; x_wconf 87' lang='lat' dir='ltr'>quoque</span> <span class='ocrx_word' id='word_1_146' title='bbox 994 1594 1094 1656; x_wconf 87' lang='lat' dir='ltr'>omnis</span> 
     </span>
     <span class='ocr_line' id='line_1_18' title="bbox 66 1676 1093 1752; baseline -0.001 -13"><span class='ocrx_word' id='word_1_147' title='bbox 66 1687 98 1739; x_wconf 86' lang='lat' dir='ltr'>et</span> <span class='ocrx_word' id='word_1_148' title='bbox 112 1695 218 1739; x_wconf 89' lang='lat' dir='ltr'>omnes</span> <span class='ocrx_word' id='word_1_149' title='bbox 235 1679 360 1739; x_wconf 83' lang='lat' dir='ltr'>litterae.</span> <span class='ocrx_word' id='word_1_150' title='bbox 381 1677 454 1752; x_wconf 92' lang='lat' dir='ltr'>Quis</span> <span class='ocrx_word' id='word_1_151' title='bbox 470 1686 529 1737; x_wconf 92' lang='lat' dir='ltr'>tam</span> <span class='ocrx_word' id='word_1_152' title='bbox 546 1676 714 1738; x_wconf 88' lang='lat' dir='ltr'>dissolutus</span> <span class='ocrx_word' id='word_1_153' title='bbox 725 1677 756 1737; x_wconf 90' lang='lat' dir='ltr'>in</span> <span class='ocrx_word' id='word_1_154' title='bbox 770 1695 804 1738; x_wconf 91' lang='lat' dir='ltr'>re</span> <span class='ocrx_word' id='word_1_155' title='bbox 819 1679 957 1740; x_wconf 81' lang='lat' dir='ltr'>familiari</span> <span class='ocrx_word' id='word_1_156' title='bbox 974 1678 1093 1752; x_wconf 90' lang='lat' dir='ltr'>luisset,</span> 
     </span>
     <span class='ocr_line' id='line_1_19' title="bbox 67 1760 1093 1838; baseline 0 -16"><span class='ocrx_word' id='word_1_157' title='bbox 67 1762 136 1838; x_wconf 89' lang='lat' dir='ltr'>quis</span> <span class='ocrx_word' id='word_1_158' title='bbox 149 1770 208 1822; x_wconf 88' lang='lat' dir='ltr'>tam</span> <span class='ocrx_word' id='word_1_159' title='bbox 218 1761 388 1836; x_wconf 80' lang='lat' dir='ltr'>negligens,</span> <span class='ocrx_word' id='word_1_160' title='bbox 404 1760 472 1836; x_wconf 90' lang='lat' dir='ltr'>quis</span> <span class='ocrx_word' id='word_1_161' title='bbox 485 1770 545 1822; x_wconf 89' lang='lat' dir='ltr'>tam</span> <span class='ocrx_word' id='word_1_162' title='bbox 557 1760 615 1835; x_wconf 91' lang='lat' dir='ltr'>tui,</span> <span class='ocrx_word' id='word_1_163' title='bbox 627 1760 734 1836; x_wconf 87' lang='lat' dir='ltr'>Sexte,</span> <span class='ocrx_word' id='word_1_164' title='bbox 746 1762 917 1837; x_wconf 89' lang='lat' dir='ltr'>dissimilis,</span> <span class='ocrx_word' id='word_1_165' title='bbox 934 1763 984 1838; x_wconf 91' lang='lat' dir='ltr'>qui</span> <span class='ocrx_word' id='word_1_166' title='bbox 1000 1780 1093 1837; x_wconf 90' lang='lat' dir='ltr'>quum</span> 
     </span>
     <span class='ocr_line' id='line_1_20' title="bbox 65 1845 1093 1921; baseline 0 -16"><span class='ocrx_word' id='word_1_167' title='bbox 65 1862 117 1906; x_wconf 90' lang='lat' dir='ltr'>res</span> <span class='ocrx_word' id='word_1_168' title='bbox 138 1846 176 1905; x_wconf 93' lang='lat' dir='ltr'>ab</span> <span class='ocrx_word' id='word_1_169' title='bbox 191 1862 244 1917; x_wconf 90' lang='lat' dir='ltr'>eo,</span> <span class='ocrx_word' id='word_1_170' title='bbox 267 1845 390 1921; x_wconf 89' lang='lat' dir='ltr'>quicum</span> <span class='ocrx_word' id='word_1_171' title='bbox 405 1845 623 1919; x_wconf 87' lang='lat' dir='ltr'>contraxisset,</span> <span class='ocrx_word' id='word_1_172' title='bbox 643 1845 826 1907; x_wconf 90' lang='lat' dir='ltr'>recessisset</span> <span class='ocrx_word' id='word_1_173' title='bbox 846 1855 876 1907; x_wconf 88' lang='lat' dir='ltr'>et</span> <span class='ocrx_word' id='word_1_174' title='bbox 896 1848 935 1907; x_wconf 88' lang='lat' dir='ltr'>ad</span> <span class='ocrx_word' id='word_1_175' title='bbox 948 1847 1093 1907; x_wconf 88' lang='lat' dir='ltr'>heredem</span> 
     </span>
     <span class='ocr_line' id='line_1_21' title="bbox 66 1929 1092 2005; baseline 0 -16"><span class='ocrx_word' id='word_1_176' title='bbox 66 1929 273 2005; x_wconf 89' lang='lat' dir='ltr'>pervenisset,</span> <span class='ocrx_word' id='word_1_177' title='bbox 296 1946 356 1989; x_wconf 92' lang='lat' dir='ltr'>non</span> <span class='ocrx_word' id='word_1_178' title='bbox 371 1929 529 2002; x_wconf 87' lang='lat' dir='ltr'>heredem,</span> <span class='ocrx_word' id='word_1_179' title='bbox 552 1929 787 2004; x_wconf 86' lang='lat' dir='ltr'>quamprimum</span> <span class='ocrx_word' id='word_1_180' title='bbox 808 1930 953 2004; x_wconf 87' lang='lat' dir='ltr'>vidisset,</span> <span class='ocrx_word' id='word_1_181' title='bbox 983 1929 1092 1990; x_wconf 90' lang='lat' dir='ltr'>certio-</span> 
     </span>
     <span class='ocr_line' id='line_1_22' title="bbox 65 2012 1091 2090; baseline 0.001 -18"><span class='ocrx_word' id='word_1_182' title='bbox 65 2029 130 2073; x_wconf 91' lang='lat' dir='ltr'>rem</span> <span class='ocrx_word' id='word_1_183' title='bbox 151 2013 284 2072; x_wconf 80' lang='lat' dir='ltr'>lacerem</span> <span class='ocrx_word' id='word_1_184' title='bbox 303 2015 492 2088; x_wconf 67' lang='lat' dir='ltr'>appellaret?</span> <span class='ocrx_word' id='word_1_185' title='bbox 510 2012 658 2073; x_wconf 88' lang='lat' dir='ltr'>rationem</span> <span class='ocrx_word' id='word_1_186' title='bbox 672 2013 825 2074; x_wconf 73' lang='lat' dir='ltr'>adferret?</span> <span class='ocrx_word' id='word_1_187' title='bbox 845 2013 872 2074; x_wconf 89' lang='lat' dir='ltr'>si</span> <span class='ocrx_word' id='word_1_188' title='bbox 887 2015 960 2090; x_wconf 89' lang='lat' dir='ltr'>quid</span> <span class='ocrx_word' id='word_1_189' title='bbox 974 2013 1004 2074; x_wconf 94' lang='lat' dir='ltr'>in</span> <span class='ocrx_word' id='word_1_190' title='bbox 1019 2029 1091 2074; x_wconf 91' lang='lat' dir='ltr'>con·</span> 
     </span>
    </p>

    <p class='ocr_par' dir='ltr' id='par_1_4' title="bbox 4 2096 1091 2339">
     <span class='ocr_line' id='line_1_23' title="bbox 4 2096 1091 2173; baseline 0 -16"><span class='ocrx_word' id='word_1_191' title='bbox 4 2139 8 2148; x_wconf 71' lang='lat'>.</span> <span class='ocrx_word' id='word_1_192' title='bbox 65 2096 245 2157; x_wconf 85' lang='lat' dir='ltr'>troversiam</span> <span class='ocrx_word' id='word_1_193' title='bbox 260 2096 391 2168; x_wconf 86' lang='lat' dir='ltr'>veniret,</span> <span class='ocrx_word' id='word_1_194' title='bbox 411 2104 464 2157; x_wconf 92' lang='lat' dir='ltr'>aut</span> <span class='ocrx_word' id='word_1_195' title='bbox 474 2096 552 2157; x_wconf 87' lang='lat' dir='ltr'>intra</span> <span class='ocrx_word' id='word_1_196' title='bbox 568 2096 701 2171; x_wconf 86' lang='lat' dir='ltr'>parietes</span> <span class='ocrx_word' id='word_1_197' title='bbox 716 2105 768 2157; x_wconf 92' lang='lat' dir='ltr'>aut</span> <span class='ocrx_word' id='word_1_198' title='bbox 785 2114 902 2159; x_wconf 91' lang='lat' dir='ltr'>summo</span> <span class='ocrx_word' id='word_1_199' title='bbox 918 2098 983 2158; x_wconf 90' lang='lat' dir='ltr'>iure</span> <span class='ocrx_word' id='word_1_200' title='bbox 998 2114 1091 2173; x_wconf 87' lang='lat' dir='ltr'>expe-</span> 
     </span>
     <span class='ocr_line' id='line_1_24' title="bbox 65 2179 1091 2258; baseline 0.004 -20"><span class='ocrx_word' id='word_1_201' title='bbox 65 2180 196 2241; x_wconf 69' lang='lat' dir='ltr'>riretur?</span> <span class='ocrx_word' id='word_1_202' title='bbox 231 2179 315 2240; x_wconf 92' lang='lat' dir='ltr'>Itane</span> <span class='ocrx_word' id='word_1_203' title='bbox 337 2187 406 2240; x_wconf 78' lang='lat' dir='ltr'>estt</span> <span class='ocrx_word' id='word_1_204' title='bbox 434 2181 517 2254; x_wconf 90' lang='lat' dir='ltr'>quod</span> <span class='ocrx_word' id='word_1_205' title='bbox 536 2179 591 2239; x_wconf 90' lang='lat' dir='ltr'>viri</span> <span class='ocrx_word' id='word_1_206' title='bbox 616 2180 721 2255; x_wconf 91' lang='lat' dir='ltr'>optimi</span> <span class='ocrx_word' id='word_1_207' title='bbox 742 2180 870 2254; x_wconf 86' lang='lat' dir='ltr'>faciunt,</span> <span class='ocrx_word' id='word_1_208' title='bbox 893 2181 920 2242; x_wconf 92' lang='lat' dir='ltr'>si</span> <span class='ocrx_word' id='word_1_209' title='bbox 942 2182 994 2258; x_wconf 92' lang='lat' dir='ltr'>qui</span> <span class='ocrx_word' id='word_1_210' title='bbox 1016 2198 1091 2242; x_wconf 91' lang='lat' dir='ltr'>suos</span> 
     </span>
     <span class='ocr_line' id='line_1_25' title="bbox 64 2263 1090 2339; baseline 0.002 -17"><span class='ocrx_word' id='word_1_211' title='bbox 64 2263 257 2339; x_wconf 84' lang='lat' dir='ltr'>propinquos</span> <span class='ocrx_word' id='word_1_212' title='bbox 273 2280 309 2324; x_wconf 88' lang='lat' dir='ltr'>ao</span> <span class='ocrx_word' id='word_1_213' title='bbox 324 2263 518 2324; x_wconf 89' lang='lat' dir='ltr'>necessarios</span> <span class='ocrx_word' id='word_1_214' title='bbox 533 2279 621 2324; x_wconf 91' lang='lat' dir='ltr'>caros</span> <span class='ocrx_word' id='word_1_215' title='bbox 637 2273 666 2324; x_wconf 89' lang='lat' dir='ltr'>et</span> <span class='ocrx_word' id='word_1_216' title='bbox 682 2264 830 2325; x_wconf 91' lang='lat' dir='ltr'>honestos</span> <span class='ocrx_word' id='word_1_217' title='bbox 847 2282 917 2326; x_wconf 88' lang='lat' dir='ltr'>esse</span> <span class='ocrx_word' id='word_1_218' title='bbox 932 2275 1022 2339; x_wconf 87' lang='lat' dir='ltr'>atque</span> <span class='ocrx_word' id='word_1_219' title='bbox 1038 2265 1090 2324; x_wconf 88' lang='lat' dir='ltr'>ha-</span> 
     </span>
    </p>

    <p class='ocr_par' dir='ltr' id='par_1_5' title="bbox 36 2346 1091 2508">
     <span class='ocr_line' id='line_1_26' title="bbox 36 2346 1090 2429; baseline -0.002 -21"><span class='ocrx_word' id='word_1_220' title='bbox 36 2424 39 2429; x_wconf 90' lang='lat'>.</span> <span class='ocrx_word' id='word_1_221' title='bbox 64 2348 129 2408; x_wconf 91' lang='lat' dir='ltr'>beri</span> <span class='ocrx_word' id='word_1_222' title='bbox 145 2349 266 2421; x_wconf 92' lang='lat' dir='ltr'>volunt,</span> <span class='ocrx_word' id='word_1_223' title='bbox 289 2347 320 2407; x_wconf 95' lang='lat' dir='ltr'>id</span> <span class='ocrx_word' id='word_1_224' title='bbox 336 2347 408 2408; x_wconf 87' lang='lat' dir='ltr'>Sex.</span> <span class='ocrx_word' id='word_1_225' title='bbox 423 2346 555 2408; x_wconf 88' lang='lat' dir='ltr'>Naevius</span> <span class='ocrx_word' id='word_1_226' title='bbox 571 2365 632 2408; x_wconf 94' lang='lat' dir='ltr'>non</span> <span class='ocrx_word' id='word_1_227' title='bbox 650 2349 778 2420; x_wconf 86' lang='lat' dir='ltr'>laceret,</span> <span class='ocrx_word' id='word_1_228' title='bbox 800 2349 854 2424; x_wconf 91' lang='lat' dir='ltr'>qui</span> <span class='ocrx_word' id='word_1_229' title='bbox 865 2365 966 2422; x_wconf 89' lang='lat' dir='ltr'>usque</span> <span class='ocrx_word' id='word_1_230' title='bbox 981 2366 1018 2410; x_wconf 93' lang='lat' dir='ltr'>eo</span> <span class='ocrx_word' id='word_1_231' title='bbox 1033 2350 1090 2408; x_wconf 90' lang='lat' dir='ltr'>ler-</span> 
     </span>
     <span class='ocr_line' id='line_1_27' title="bbox 65 2430 1091 2508; baseline 0.001 -18"><span class='ocrx_word' id='word_1_232' title='bbox 65 2440 117 2492; x_wconf 90' lang='lat' dir='ltr'>vet</span> <span class='ocrx_word' id='word_1_233' title='bbox 130 2432 285 2505; x_wconf 83' lang='lat' dir='ltr'>ferturque</span> <span class='ocrx_word' id='word_1_234' title='bbox 299 2430 439 2506; x_wconf 86' lang='lat' dir='ltr'>avaritia,</span> <span class='ocrx_word' id='word_1_235' title='bbox 458 2439 491 2491; x_wconf 91' lang='lat' dir='ltr'>ut</span> <span class='ocrx_word' id='word_1_236' title='bbox 505 2432 544 2491; x_wconf 90' lang='lat' dir='ltr'>de</span> <span class='ocrx_word' id='word_1_237' title='bbox 559 2430 623 2492; x_wconf 92' lang='lat' dir='ltr'>suis</span> <span class='ocrx_word' id='word_1_238' title='bbox 638 2432 806 2491; x_wconf 89' lang='lat' dir='ltr'>commodis</span> <span class='ocrx_word' id='word_1_239' title='bbox 825 2432 958 2507; x_wconf 79' lang='lat' dir='ltr'>aliquam</span> <span class='ocrx_word' id='word_1_240' title='bbox 973 2443 1091 2508; x_wconf 87' lang='lat' dir='ltr'>partem</span> 
     </span>
    </p>

    <p class='ocr_par' dir='ltr' id='par_1_6' title="bbox 45 2514 1121 3513">
     <span class='ocr_line' id='line_1_28' title="bbox 45 2514 1090 2591; baseline -0.006 -11"><span class='ocrx_word' id='word_1_241' title='bbox 45 2562 51 2581; x_wconf 82' lang='grc'><strong>.</strong></span> <span class='ocrx_word' id='word_1_242' title='bbox 64 2514 140 2576; x_wconf 90' lang='lat' dir='ltr'>nolit</span> <span class='ocrx_word' id='word_1_243' title='bbox 152 2514 355 2587; x_wconf 89' lang='lat' dir='ltr'>committere,</span> <span class='ocrx_word' id='word_1_244' title='bbox 369 2531 407 2574; x_wconf 91' lang='lat' dir='ltr'>ne</span> <span class='ocrx_word' id='word_1_245' title='bbox 421 2531 512 2588; x_wconf 89' lang='lat' dir='ltr'>quam</span> <span class='ocrx_word' id='word_1_246' title='bbox 527 2524 642 2589; x_wconf 88' lang='lat' dir='ltr'>partem</span> <span class='ocrx_word' id='word_1_247' title='bbox 654 2515 725 2575; x_wconf 91' lang='lat' dir='ltr'>huic</span> <span class='ocrx_word' id='word_1_248' title='bbox 739 2515 913 2591; x_wconf 87' lang='lat' dir='ltr'>propinquo</span> <span class='ocrx_word' id='word_1_249' title='bbox 930 2533 986 2577; x_wconf 89' lang='lat' dir='ltr'>suo</span> <span class='ocrx_word' id='word_1_250' title='bbox 1001 2516 1090 2576; x_wconf 90' lang='lat' dir='ltr'>ullius</span> 
     </span>
     <span class='ocr_line' id='line_1_29' title="bbox 65 2597 1090 2674; baseline -0.003 -15"><span class='ocrx_word' id='word_1_251' title='bbox 65 2597 235 2660; x_wconf 83' lang='lat' dir='ltr'>ornamenti</span> <span class='ocrx_word' id='word_1_252' title='bbox 248 2598 420 2673; x_wconf 68' lang='lat' dir='ltr'>relinquat?</span> <span class='ocrx_word' id='word_1_253' title='bbox 442 2597 492 2658; x_wconf 85' lang='lat'>39.</span> <span class='ocrx_word' id='word_1_254' title='bbox 513 2597 551 2659; x_wconf 88' lang='grc' dir='ltr'>Ει</span> <span class='ocrx_word' id='word_1_255' title='bbox 565 2598 592 2659; x_wconf 95' lang='lat' dir='ltr'>is</span> <span class='ocrx_word' id='word_1_256' title='bbox 609 2598 783 2674; x_wconf 85' lang='lat' dir='ltr'>pecuniam,</span> <span class='ocrx_word' id='word_1_257' title='bbox 799 2599 828 2659; x_wconf 89' lang='lat' dir='ltr'>si</span> <span class='ocrx_word' id='word_1_258' title='bbox 844 2615 905 2674; x_wconf 88' lang='lat' dir='ltr'>qua</span> <span class='ocrx_word' id='word_1_259' title='bbox 920 2600 1090 2671; x_wconf 87' lang='lat' dir='ltr'>deberetur,</span> 
     </span>
     <span class='ocr_line' id='line_1_30' title="bbox 64 2680 1090 2757; baseline -0.001 -16"><span class='ocrx_word' id='word_1_260' title='bbox 64 2697 126 2742; x_wconf 93' lang='lat' dir='ltr'>non</span> <span class='ocrx_word' id='word_1_261' title='bbox 149 2690 280 2757; x_wconf 87' lang='lat' dir='ltr'>peteret,</span> <span class='ocrx_word' id='word_1_262' title='bbox 299 2681 366 2757; x_wconf 90' lang='lat' dir='ltr'>qui,</span> <span class='ocrx_word' id='word_1_263' title='bbox 391 2680 462 2756; x_wconf 87' lang='lat' dir='ltr'>quia</span> <span class='ocrx_word' id='word_1_264' title='bbox 484 2683 568 2757; x_wconf 88' lang='lat' dir='ltr'>quod</span> <span class='ocrx_word' id='word_1_265' title='bbox 587 2682 720 2743; x_wconf 89' lang='lat' dir='ltr'>debitum</span> <span class='ocrx_word' id='word_1_266' title='bbox 743 2698 906 2756; x_wconf 88' lang='lat' dir='ltr'>numquam</span> <span class='ocrx_word' id='word_1_267' title='bbox 925 2683 1019 2744; x_wconf 86' lang='lat' dir='ltr'>estid</span> <span class='ocrx_word' id='word_1_268' title='bbox 1037 2683 1090 2741; x_wconf 86' lang='lat' dir='ltr'>da-</span> 
     </span>
     <span class='ocr_line' id='line_1_31' title="bbox 63 2765 1089 2847; baseline -0.002 -20"><span class='ocrx_word' id='word_1_269' title='bbox 63 2773 127 2827; x_wconf 92' lang='lat' dir='ltr'>tum</span> <span class='ocrx_word' id='word_1_270' title='bbox 147 2783 209 2826; x_wconf 95' lang='lat' dir='ltr'>non</span> <span class='ocrx_word' id='word_1_271' title='bbox 229 2773 291 2837; x_wconf 90' lang='lat' dir='ltr'>est,</span> <span class='ocrx_word' id='word_1_272' title='bbox 318 2781 380 2825; x_wconf 91' lang='lat' dir='ltr'>non</span> <span class='ocrx_word' id='word_1_273' title='bbox 404 2766 564 2840; x_wconf 87' lang='lat' dir='ltr'>pecuniam</span> <span class='ocrx_word' id='word_1_274' title='bbox 584 2767 693 2839; x_wconf 90' lang='lat' dir='ltr'>modo,</span> <span class='ocrx_word' id='word_1_275' title='bbox 721 2765 936 2826; x_wconf 87' lang='lat' dir='ltr'>verumetiam</span> <span class='ocrx_word' id='word_1_276' title='bbox 957 2765 1089 2847; x_wconf 84' lang='lat' dir='ltr'>hominis</span> 
     </span>
     <span class='ocr_line' id='line_1_32' title="bbox 63 2847 1091 2924; baseline 0.001 -16"><span class='ocrx_word' id='word_1_277' title='bbox 63 2848 230 2924; x_wconf 86' lang='lat' dir='ltr'>propinqui</span> <span class='ocrx_word' id='word_1_278' title='bbox 249 2847 431 2922; x_wconf 89' lang='lat' dir='ltr'>sanguinem</span> <span class='ocrx_word' id='word_1_279' title='bbox 448 2849 604 2924; x_wconf 88' lang='lat' dir='ltr'>vitamque</span> <span class='ocrx_word' id='word_1_280' title='bbox 626 2849 745 2924; x_wconf 87' lang='lat' dir='ltr'>eripere</span> <span class='ocrx_word' id='word_1_281' title='bbox 772 2854 919 2909; x_wconf 68' lang='lat' dir='ltr'>conaturi</span> <span class='ocrx_word' id='word_1_282' title='bbox 959 2849 1036 2914; x_wconf 87' lang='lat' dir='ltr'>Huic</span> <span class='ocrx_word' id='word_1_283' title='bbox 1057 2856 1091 2909; x_wconf 93' lang='lat' dir='ltr'>tu</span> 
     </span>
     <span class='ocr_line' id='line_1_33' title="bbox 63 2931 1090 3009; baseline 0 -17"><span class='ocrx_word' id='word_1_284' title='bbox 63 2934 212 2992; x_wconf 88' lang='lat' dir='ltr'>molestus</span> <span class='ocrx_word' id='word_1_285' title='bbox 228 2948 298 2992; x_wconf 89' lang='lat' dir='ltr'>esse</span> <span class='ocrx_word' id='word_1_286' title='bbox 318 2931 459 2994; x_wconf 87' lang='lat' dir='ltr'>videlicet</span> <span class='ocrx_word' id='word_1_287' title='bbox 473 2932 613 3007; x_wconf 89' lang='lat' dir='ltr'>noluisti,</span> <span class='ocrx_word' id='word_1_288' title='bbox 629 2949 719 3009; x_wconf 90' lang='lat' dir='ltr'>quem</span> <span class='ocrx_word' id='word_1_289' title='bbox 734 2948 815 2992; x_wconf 88' lang='lat' dir='ltr'>nunc</span> <span class='ocrx_word' id='word_1_290' title='bbox 829 2933 982 3008; x_wconf 85' lang='lat' dir='ltr'>respirare</span> <span class='ocrx_word' id='word_1_291' title='bbox 996 2932 1090 2992; x_wconf 90' lang='lat' dir='ltr'>libere</span> 
     </span>
     <span class='ocr_line' id='line_1_34' title="bbox 62 3015 1090 3091; baseline -0.001 -15"><span class='ocrx_word' id='word_1_292' title='bbox 62 3031 126 3076; x_wconf 92' lang='lat' dir='ltr'>uon</span> <span class='ocrx_word' id='word_1_293' title='bbox 149 3015 246 3076; x_wconf 77' lang='lat' dir='ltr'>sinist</span> <span class='ocrx_word' id='word_1_294' title='bbox 270 3033 360 3090; x_wconf 86' lang='lat' dir='ltr'>quem</span> <span class='ocrx_word' id='word_1_295' title='bbox 380 3032 462 3076; x_wconf 90' lang='lat' dir='ltr'>nuno</span> <span class='ocrx_word' id='word_1_296' title='bbox 480 3016 650 3077; x_wconf 86' lang='lat' dir='ltr'>interlicere</span> <span class='ocrx_word' id='word_1_297' title='bbox 670 3016 784 3076; x_wconf 85' lang='lat' dir='ltr'>nelarie</span> <span class='ocrx_word' id='word_1_298' title='bbox 805 3016 908 3091; x_wconf 89' lang='lat' dir='ltr'>cupis,</span> <span class='ocrx_word' id='word_1_299' title='bbox 939 3033 1007 3077; x_wconf 87' lang='lat' dir='ltr'>eum</span> <span class='ocrx_word' id='word_1_300' title='bbox 1028 3025 1090 3077; x_wconf 92' lang='lat' dir='ltr'>tum</span> 
     </span>
     <span class='ocr_line' id='line_1_35' title="bbox 62 3099 1089 3176; baseline -0.002 -16"><span class='ocrx_word' id='word_1_301' title='bbox 62 3100 214 3176; x_wconf 86' lang='lat' dir='ltr'>pudenter</span> <span class='ocrx_word' id='word_1_302' title='bbox 234 3100 390 3173; x_wconf 87' lang='lat' dir='ltr'>appellare</span> <span class='ocrx_word' id='word_1_303' title='bbox 412 3100 562 3160; x_wconf 83' lang='lat' dir='ltr'>nolebas‘l</span> <span class='ocrx_word' id='word_1_304' title='bbox 591 3102 636 3161; x_wconf 89' lang='lat' dir='ltr'>Ita</span> <span class='ocrx_word' id='word_1_305' title='bbox 656 3099 764 3160; x_wconf 83' lang='lat' dir='ltr'>credo:</span> <span class='ocrx_word' id='word_1_306' title='bbox 787 3100 940 3161; x_wconf 86' lang='lat' dir='ltr'>hominem</span> <span class='ocrx_word' id='word_1_307' title='bbox 964 3100 1089 3176; x_wconf 88' lang='lat' dir='ltr'>propin-</span> 
     </span>
     <span class='ocr_line' id='line_1_36' title="bbox 64 3182 1090 3258; baseline -0.002 -15"><span class='ocrx_word' id='word_1_308' title='bbox 64 3201 172 3258; x_wconf 92' lang='lat' dir='ltr'>quum,</span> <span class='ocrx_word' id='word_1_309' title='bbox 186 3182 229 3243; x_wconf 88' lang='lat' dir='ltr'>tui</span> <span class='ocrx_word' id='word_1_310' title='bbox 245 3183 472 3256; x_wconf 88' lang='lat' dir='ltr'>observantem,</span> <span class='ocrx_word' id='word_1_311' title='bbox 492 3184 591 3244; x_wconf 91' lang='lat' dir='ltr'>virum</span> <span class='ocrx_word' id='word_1_312' title='bbox 605 3185 734 3258; x_wconf 88' lang='lat' dir='ltr'>bonum,</span> <span class='ocrx_word' id='word_1_313' title='bbox 747 3184 927 3257; x_wconf 88' lang='lat' dir='ltr'>pudentem,</span> <span class='ocrx_word' id='word_1_314' title='bbox 941 3183 1090 3243; x_wconf 89' lang='lat' dir='ltr'>maiorem</span> 
     </span>
     <span class='ocr_line' id='line_1_37' title="bbox 63 3267 1090 3343; baseline -0.002 -17"><span class='ocrx_word' id='word_1_315' title='bbox 63 3275 152 3340; x_wconf 89' lang='lat' dir='ltr'>natu,</span> <span class='ocrx_word' id='word_1_316' title='bbox 164 3267 292 3328; x_wconf 88' lang='lat' dir='ltr'>nolebas</span> <span class='ocrx_word' id='word_1_317' title='bbox 305 3274 428 3329; x_wconf 86' lang='lat' dir='ltr'>autnon</span> <span class='ocrx_word' id='word_1_318' title='bbox 439 3269 574 3328; x_wconf 86' lang='lat' dir='ltr'>audebas</span> <span class='ocrx_word' id='word_1_319' title='bbox 586 3268 756 3343; x_wconf 84' lang='lat' dir='ltr'>appellare:</span> <span class='ocrx_word' id='word_1_320' title='bbox 769 3283 878 3342; x_wconf 90' lang='lat' dir='ltr'>saepe,</span> <span class='ocrx_word' id='word_1_321' title='bbox 893 3276 926 3328; x_wconf 92' lang='lat' dir='ltr'>ut</span> <span class='ocrx_word' id='word_1_322' title='bbox 936 3267 984 3341; x_wconf 89' lang='lat' dir='ltr'>fit,</span> <span class='ocrx_word' id='word_1_323' title='bbox 996 3282 1090 3340; x_wconf 90' lang='lat' dir='ltr'>quum</span> 
     </span>
     <span class='ocr_line' id='line_1_38' title="bbox 63 3348 1121 3426; baseline 0 -18"><span class='ocrx_word' id='word_1_324' title='bbox 63 3348 132 3424; x_wconf 88' lang='lat' dir='ltr'>ipse</span> <span class='ocrx_word' id='word_1_325' title='bbox 156 3358 185 3411; x_wconf 85' lang='lat' dir='ltr'>te</span> <span class='ocrx_word' id='word_1_326' title='bbox 201 3350 435 3425; x_wconf 82' lang='lat' dir='ltr'>confirmasses,</span> <span class='ocrx_word' id='word_1_327' title='bbox 456 3369 549 3426; x_wconf 86' lang='lat' dir='ltr'>quum</span> <span class='ocrx_word' id='word_1_328' title='bbox 567 3350 728 3410; x_wconf 83' lang='lat' dir='ltr'>statuisses</span> <span class='ocrx_word' id='word_1_329' title='bbox 744 3351 925 3413; x_wconf 87' lang='lat' dir='ltr'>mentionem</span> <span class='ocrx_word' id='word_1_330' title='bbox 941 3351 980 3409; x_wconf 91' lang='lat' dir='ltr'>de</span> <span class='ocrx_word' id='word_1_331' title='bbox 994 3365 1088 3423; x_wconf 90' lang='lat' dir='ltr'>pecu·</span> <span class='ocrx_word' id='word_1_332' title='bbox 1119 3351 1121 3359; x_wconf 91' lang='lat'>&#39;</span> 
     </span>
     <span class='ocr_line' id='line_1_39' title="bbox 63 3431 1087 3513; baseline 0.003 -22"><span class='ocrx_word' id='word_1_333' title='bbox 63 3432 114 3494; x_wconf 88' lang='lat' dir='ltr'>nia</span> <span class='ocrx_word' id='word_1_334' title='bbox 131 3437 246 3508; x_wconf 88' lang='lat' dir='ltr'>lacere,</span> <span class='ocrx_word' id='word_1_335' title='bbox 272 3451 365 3510; x_wconf 89' lang='lat' dir='ltr'>quum</span> <span class='ocrx_word' id='word_1_336' title='bbox 383 3444 509 3513; x_wconf 78' lang='lat' dir='ltr'>parmas</span> <span class='ocrx_word' id='word_1_337' title='bbox 529 3433 753 3510; x_wconf 86' lang='lat' dir='ltr'>meditatusque</span> <span class='ocrx_word' id='word_1_338' title='bbox 762 3437 922 3509; x_wconf 83' lang='lat' dir='ltr'>¹venisses,</span> <span class='ocrx_word' id='word_1_339' title='bbox 943 3431 1034 3493; x_wconf 88' lang='lat' dir='ltr'>homo</span> <span class='ocrx_word' id='word_1_340' title='bbox 1051 3432 1087 3494; x_wconf 89' lang='lat' dir='ltr'>ti·</span> 
     </span>
    </p>
   </div>
   <div class='ocr_carea' id='block_1_3' title="bbox 0 0 1190 3780">
    <p class='ocr_par' dir='ltr' id='par_1_7' title="bbox 0 0 1190 3780">
     <span class='ocr_line' id='line_1_40' title="bbox 0 0 1190 3780; baseline 0 2"><span class='ocrx_word' id='word_1_341' title='bbox 0 0 1190 3780; x_wconf 95' lang='lat' dir='ltr'> </span> 
     </span>
    </p>
   </div>
  </div>
 </body>
</html>
