2370 3780
371 156 580 248 caba—m.
602 189 627 252 a.
644 193 774 248 atr-aa.
919 131 924 145 ’
1041 185 1083 249 at

146 340 196 400 Xl.
219 335 296 412 Quid
315 335 444 412 primum
455 342 595 412 querar?
619 345 671 397 aut
684 337 766 397 unde
783 336 989 412 potissimum,
1005 336 1082 399 iudi·

64 437 132 494 ccs,
154 422 276 497 ordiart
296 428 347 480 aut
368 419 451 494 quod
465 427 517 479 aut
531 435 550 478 a
564 419 674 495 quibus
692 421 835 483 auxilium
850 428 972 496 petam?
1003 422 1082 482 Deo·

62 522 169 566 rumne
200 502 426 577 immortalium,
464 501 610 577 populine
635 504 780 578 Romani,
811 513 999 578 vestramne,
1030 505 1082 581 qui

64 606 211 649 summam
228 594 411 664 potestatem
425 585 558 659 habetis,
572 586 631 646 hoc
648 595 784 663 tempore
798 588 888 648 fidem
903 588 1083 664 imploremt

60 671 112 734 30.
133 672 220 733 Pater
234 669 356 732 occisus
373 669 501 744 nefarie,
520 670 628 731 domus
644 671 773 732 obsessa
786 672 825 731 ab
840 671 984 744 inimicia,
1000 672 1082 731 bona

61 757 219 832 adempta,
241 769 403 830 possessa,
425 753 556 829 direpta,
578 753 632 814 lilii
654 754 717 815 vita
738 755 862 830 inlesta,
885 771 979 830 saepe
1001 755 1081 815 ferro

60 848 154 915 atque
180 837 300 898 insidiis
324 835 465 912 appetita.
508 836 583 910 Quid
610 838 648 897 ab
675 837 723 897 his
750 847 794 899 tot
813 838 970 898 maleficiis
985 841 1082 898 scele-

59 921 103 982 ris
128 924 239 982 abesse
265 921 405 980 videtur?
444 921 554 981 Tamen
581 920 658 980 haec
682 920 748 981 aliis
779 921 902 982 nefariis
929 923 1082 987 cumulant

60 1015 153 1080 atque
173 1006 339 1080 adaugent,
367 1003 478 1064 crimen
507 1003 683 1064 incredibile
710 1005 900 1081 confingunt,
928 1012 1022 1066 testes
1049 1005 1081 1064 in

59 1089 142 1150 butro
162 1098 192 1149 et
206 1095 400 1148 accusatores
420 1086 547 1146 huiusce
563 1087 691 1162 pecunia
706 1098 894 1164 comparant:
915 1089 993 1149 hanc
1009 1105 1081 1148 con-

59 1173 213 1233 dicionem
240 1172 350 1232 misero
378 1171 496 1243 ferunt,
523 1179 556 1230 ut
584 1179 687 1245 optet,
715 1180 813 1232 utrum
839 1173 920 1233 malit
944 1172 1080 1232 cervices

57 1256 174 1317 Roscio
200 1256 272 1315 dare
298 1271 336 1314 an
362 1253 482 1314 insutus
503 1254 533 1314 in
561 1255 678 1314 culeum
697 1271 752 1330 per
772 1273 920 1316 summum
946 1256 1080 1316 dedecus

58 1339 152 1400 vitam
172 1340 316 1400 amittere.
358 1338 508 1398 Patronus
534 1339 605 1398 huic
626 1339 999 1415 defuturos'putaverunt:
1028 1340 1080 1399 de-

59 1432 145 1484 sunt:
180 1423 231 1498 qui
254 1423 348 1483 libere
368 1422 462 1493 dicat,
486 1421 537 1497 qui
559 1438 627 1483 cum
648 1423 710 1483 fide
725 1423 882 1497 defendat,
905 1422 936 1482 id
952 1423 1035 1498 quod
1049 1423 1080 1482 in

57 1507 116 1567 hac
128 1516 279 1568 causaest
293 1505 382 1578 satis,
396 1505 539 1580 quoniam
551 1505 673 1581 quidem
685 1506 822 1582 suscepi,
837 1523 898 1566 non
912 1507 999 1567 deest
1010 1523 1080 1581 pro-

57 1591 154 1663 fecto,
171 1590 298 1651 iudices.
337 1588 388 1651 31.
408 1589 446 1648 Et
461 1589 586 1649 forsitan
599 1588 630 1648 in
648 1589 847 1665 suscipienda
862 1605 956 1651 causa
968 1599 1081 1649 temere

56 1674 207 1751 impulsus
223 1673 431 1734 adolescentia
446 1672 583 1732 fecerim:
602 1673 745 1748 quoniam
761 1673 887 1749 quidem
901 1673 994 1736 semel
1010 1689 1079 1732 sus-

58 1758 140 1833 cepi,
162 1758 232 1818 licet
253 1758 391 1816 hercules
405 1756 540 1832 undique
557 1773 662 1817 omnes
677 1757 768 1818 inme
787 1766 917 1819 terrores
933 1756 1080 1832 pericula-

53 1859 118 1918 que
129 1838 325 1917 impendeant
336 1839 450 1913 omnia,
463 1856 636 1901 succurram
648 1850 738 1915 atque
752 1842 871 1902 subibo.
902 1841 1019 1902 Certum
1035 1846 1082 1898 est

57 1925 336 2000 deliberatumque,
358 1940 436 1998 quae
451 1925 489 1983 ad
510 1940 634 1984 causam
651 1924 802 1999 pertinere
817 1924 958 1996 arbitror,
980 1923 1081 1985 omnia

56 2025 119 2069 non
133 2009 224 2069 modo
240 2009 358 2078 dicere,
380 2024 488 2093 verum
500 2007 588 2068 etiam
603 2007 743 2080 libenter,
765 2009 910 2069 audacter
924 2008 1080 2081 libereque

57 2091 169 2151 dicere.
211 2092 297 2151 Nulla
324 2107 374 2150 res
400 2100 483 2152 tanta
503 2092 646 2163 exsistet,
675 2091 806 2165 iudiceS,
830 2101 863 2152 ut
893 2091 992 2166 possit
1019 2090 1080 2148 vim

56 2174 128 2234 mihi
145 2173 288 2235 maiorem
303 2174 446 2236 adbibere
461 2184 558 2236 metus
574 2192 664 2251 quam
678 2175 765 2235 fides.
808 2173 858 2236 32.
878 2175 994 2234 Etenim
1011 2173 1080 2249 quis

55 2267 118 2319 tam
138 2257 286 2320 dissoluto
307 2257 407 2319 animo
423 2267 485 2333 est,
513 2258 565 2333 qui
585 2259 660 2319 lraec
675 2276 767 2334 quum
783 2259 899 2331 videat,
922 2268 1022 2318 tacere
1042 2272 1079 2315 ac

55 2342 210 2417 negligere
235 2342 355 2417 possita
397 2343 515 2404 Patrem
540 2359 654 2415 meum,
683 2359 774 2417 quum
801 2341 991 2418 proscriptus
1018 2356 1080 2399 non

56 2434 155 2499 esset,
174 2424 346 2500 iugulastis=
369 2426 504 2486 occisum
518 2425 548 2485 in
563 2424 803 2501 proscriptorum
817 2442 973 2487 numerum
987 2431 1079 2484 rettu-

55 2509 148 2570 listis:
164 2525 212 2569 me
223 2509 313 2570 domo
328 2525 396 2568 mea
413 2509 542 2584 pervim
556 2509 732 2584 expulistis:
750 2509 963 2585 patrimonium
978 2523 1079 2567 meum

55 2591 233 2668 possidetis.
271 2593 350 2667 Quid
364 2595 454 2654 vultis
469 2592 621 2667 amplius?
647 2592 776 2654 etiamne
797 2595 835 2654 ad
853 2591 997 2654 subsellia
1011 2605 1079 2650 cum

56 2678 136 2737 ferro
153 2685 244 2751 atque
260 2677 328 2737 telis
345 2676 487 2752 venistis,
501 2686 535 2737 ut
549 2677 596 2736 hic
613 2684 663 2736 aut
677 2676 817 2752 iuguletis
831 2685 883 2736 aul
897 2675 1078 2736 condemne-

57 2759 95 2821 tis
112 2761 183 2821 Sex.
200 2759 367 2820 Roscium?
407 2761 471 2820 Xll.
493 2757 543 2822 33.
565 2760 725 2820 Hominem
738 2761 827 2835 longe
842 2757 1079 2820 audacissimum

56 2860 155 2919 nuper
165 2843 323 2904 habuimus
334 2844 365 2904 in
377 2842 496 2904 civitate
509 2843 539 2903 C.
551 2842 712 2903 Fimbriam
727 2852 770 2916 et,
785 2844 866 2918 quod
881 2843 958 2901 inter
972 2856 1077 2901 omnes

57 2935 190 2997 constat,
206 2925 265 2987 nisi
280 2925 441 2999 laterone,
457 2928 508 3003 qui
522 2927 582 3000 ipsi
599 2943 721 3002 quoque
736 2927 903 2996 insaniunt,
919 2924 1077 2984 insanissi-

56 3027 147 3070 mum.
183 3010 212 3070 ls
229 3027 320 3085 quum
337 3019 476 3071 curasset
489 3009 520 3071 in
541 3012 646 3070 funere
662 3010 693 3071 C.
710 3011 811 3083 Marii,
830 3018 864 3070 ut
880 3010 913 3082 Q.
930 3007 1079 3068 Scaevola

56 3095 280 3166 vulneraretur,
306 3092 353 3153 vir
374 3092 585 3155 sanctissimus
606 3102 697 3168 atque
722 3092 931 3154 ornatissimus
954 3101 1094 3153 nostrae·

7 3247 8 3250 Ἴ
56 3176 203 3251 civitatiS,
219 3177 258 3238 de
273 3176 359 3238 cuius
373 3178 463 3238 laude
477 3192 577 3252 neque
592 3177 641 3236 hic
656 3179 742 3237 locus
760 3185 807 3237 est
821 3185 853 3238 ut
867 3177 960 3236 multa
977 3177 1077 3235 dican-

55 3268 104 3322 tur
125 3277 226 3336 neque
247 3262 334 3336 plura
348 3269 447 3322 tamen
463 3259 524 3320 dici
540 3269 685 3335 possunt,
708 3277 799 3334 quam
821 3262 953 3335 populus
968 3260 1076 3317 Roma-

54 3362 113 3406 nus
125 3343 271 3406 memoria
281 3338 404 3419 retinet,
417 3345 497 3405 diem
504 3343 672 3404 Scaevolae
683 3343 772 3417 dixit,
784 3353 984 3420 posteaquam
996 3356 1076 3400 com-

54 3428 133 3506 perit
146 3445 217 3492 eum
235 3444 330 3504 posse
345 3427 456 3490 vivere.
485 3427 582 3504 Quum
598 3428 636 3488 ab
651 3443 687 3489 eo
705 3435 918 3505 quaereretur,
928 3423 1077 3496 quidda
