2370 3780
139 163 181 227 24
398 162 473 227 PRO
494 164 527 224 P.
549 162 725 239 peracuto
744 163 896 225 ORATIO.

139 325 187 377 oet
208 323 241 377 tu
261 321 379 392 postea
413 317 460 378 De
481 313 663 391 cuiusquam
681 315 745 379 vita
766 315 869 377 dicere
888 317 1001 393 audes,
1030 316 1084 392 qui
1105 317 1166 379 troc

99 404 103 411 '
139 400 293 460 concedas
314 416 447 462 neeesse
467 409 530 476 est,
550 401 592 461 ita
613 408 643 461 te
660 417 785 462 eaeeurn
806 398 972 476 eupiditate
993 408 1023 463 et
1036 400 1168 462 avaritia

139 482 251 557 fuisse,
265 490 313 557 ut,
330 500 423 559 quum
439 493 550 560 postea
565 482 637 559 quid
653 484 785 546 futurum
799 490 883 545 esset
895 483 1069 558 ignorares,
1084 482 1166 545 aoei-

139 566 212 631 dere
230 574 331 628 autem
348 569 441 629 multa
460 575 602 643 possent,
627 583 714 642 spem
733 566 874 628 maleficii
888 567 1060 643 praesentis
1073 568 1105 628 in
1120 567 1166 628 ιιι-

139 659 222 711 eerto
242 649 352 726 reliqui
372 651 518 726 temporis
539 658 651 712 eventu
667 653 857 712 collocares?
888 654 990 727 Atque
1001 652 1077 711 haee
1093 667 1166 728 per·

138 735 209 796 inde
230 735 355 809 loquor,
379 732 468 810 quasi
486 733 556 809 ipso
570 733 623 796 illo
637 733 789 810 tempore,
814 752 907 810 quum
919 742 950 796 te
965 744 1088 810 praetor
1101 734 1166 796 ius-

140 817 235 878 sisset
248 834 289 878 ex
303 816 404 879 edioto
419 818 598 893 possidere,
613 817 684 879 siin
698 817 931 894 possessionem
944 817 1092 890 misisses,
1110 818 1165 879 de-

137 901 241 963 bueris
258 910 310 963 aut
330 900 468 976 potueris
483 901 516 961 P.
533 900 703 976 Quinotium
722 903 761 962 de
777 901 977 976 possessione
991 901 1165 963 deturbare.

221 985 341 1069 XXVII.
363 983 413 1050 84.
438 983 544 1045 Omnia
566 993 651 1058 sunt,
675 986 706 1047 G.
725 984 845 1060 Aquili,
868 984 1035 1060 eiusmodi,
1062 983 1166 1061 quivis

138 1075 171 1128 ut
185 1068 361 1144 perspicere
377 1068 492 1146 possit,
512 1067 543 1130 in
563 1068 622 1130 hae
637 1085 733 1130 eausa
752 1068 974 1144 improbitatem
992 1077 1022 1130 et
1037 1069 1166 1144 gratiam

138 1167 209 1212 eum
229 1151 333 1228 inopia
353 1161 384 1214 et
402 1154 527 1214 veritate
545 1154 740 1215 contendere.
781 1153 906 1213 Praetor
922 1161 952 1213 te
968 1152 1166 1228 quemadmo-

140 1235 213 1295 dum
227 1235 390 1311 possidere
403 1235 515 1298 iussitt
542 1235 671 1312 Opinor,
687 1254 726 1298 ex
742 1237 853 1298 edieto.
888 1236 1022 1312 Sponsio
1039 1234 1165 1312 quaein

140 1319 234 1379 verbo
258 1319 337 1380 laeta
360 1327 430 1382 estt
451 1336 494 1381 ·s1
518 1335 559 1379 nx
582 1336 686 1380 unrcro
706 1335 871 1383 rnnurorus
888 1335 969 1379 sorr
989 1337 1015 1378 r.
1036 1335 1166 1388 numeru

138 1417 284 1463 possessa
299 1419 359 1463 nou
374 1420 449 1466 stru.
468 1404 642 1465 Redeamus
656 1404 696 1464 ad
710 1404 851 1469 edietum.
872 1405 907 1464 ld
922 1403 1044 1479 quidem
1060 1419 1165 1478 quem-

43 1556 51 1573 ·
139 1486 303 1548 admodum
323 1488 407 1549 iubet
419 1488 603 1563 possideret
628 1486 781 1563 Numquid
792 1496 839 1549 est
853 1504 980 1560 causae,
1001 1487 1032 1547 C.
1050 1484 1165 1563 Aquili,

140 1569 229 1646 quin,
243 1571 372 1648 silonge
386 1571 473 1633 aliter
488 1571 642 1646 possedit,
666 1589 757 1647 quam
778 1579 899 1647 praetor
922 1570 1030 1642 edixit,
1053 1569 1111 1630 iste
1125 1586 1168 1631 ex

140 1653 241 1715 edicto
263 1671 324 1715 non
340 1654 530 1731 possederit,
552 1671 609 1730 ego
627 1655 795 1732 sponsione
811 1653 956 1716 vicerint
983 1653 1077 1726 Nihil,
1099 1653 1166 1728 opi-

139 1753 205 1798 nor.
235 1737 464 1813 cognoscamus
477 1737 620 1799 edietum.
656 1756 705 1808 our
725 1755 766 1798 ux
787 1754 889 1798 mucro
906 1753 968 1800 uro
990 1754 1021 1797 ru
1041 1753 1166 1798 rossus·

141 1835 253 1881 srorruu
269 1836 425 1882 vnusarur.
461 1823 532 1883 Det
520 1821 714 1898 teloquitur,
733 1821 843 1898 Naevi,
865 1821 1119 1898 quemadmodum
1133 1827 1168 1881 tu

140 1910 241 1979 putas.
271 1905 326 1965 Ais
346 1903 426 1965 enirn
448 1912 477 1965 te
500 1922 540 1966 ex
562 1906 663 1969 edicto
677 1906 817 1968 venisse·
845 1904 899 1966 tibi
915 1905 989 1981 quid
1005 1903 1101 1964 laeras
1112 1905 1166 1964 de

139 1987 219 2060 finit,
237 1995 267 2049 te
284 1987 426 2063 instituit,
440 1988 494 2050 tibi
510 1998 674 2065 praecepta
689 1991 749 2052 dat
773 2005 831 2051 uos
846 2005 898 2047 rrn
908 2005 1036 2049 vmurun
1051 2004 1082 2047 ru
1095 2003 1166 2048 ros·

140 2086 281 2131 sussroru
310 2089 383 2134 sssr:
408 2088 570 2138 oroarrrr
613 2062 797 2148 Quomodo}
831 2088 908 2142 ouon
942 2087 1046 2132 mmru
1074 2086 1166 2131 auom

140 2171 302 2215 cusronmu
320 2171 485 2227 romaum,
513 2173 544 2215 m
564 2173 668 2216 rsrnru
689 2172 880 2217 cusroornnr.
919 2171 995 2225 ouon
1017 2171 1077 2215 ror
1096 2170 1164 2214 nor·

138 2254 249 2311 untur,
264 2255 295 2298 m
309 2242 444 2299 norunnu
458 2255 494 2298 ur
509 2256 662 2300 aroucunr
676 2256 801 2300 irruam.
829 2238 906 2315 Quid
923 2246 1005 2300 tumt
1018 2254 1166 2311 ooumurr,

139 2320 249 2397 inquit,
265 2339 388 2382 ruvrruu
401 2339 571 2384 orrrununu
585 2339 645 2385 nou
658 2341 777 2385 runour.
801 2325 879 2386 Eum
890 2323 1005 2400 ipsum,
1022 2324 1073 2398 qui
1085 2324 1166 2382 lrau·

139 2405 233 2465 dandi
248 2422 343 2467 eausa
364 2408 470 2482 latitet,
490 2424 561 2469 eum
579 2409 695 2484 ipsum,
718 2425 809 2484 quern
824 2406 937 2469 iudicio
953 2423 1042 2469 nemo
1061 2406 1165 2466 delen·

140 2488 233 2563 derit,
251 2506 320 2550 eunr
335 2489 452 2566 ipsum,
475 2491 527 2567 qui
542 2508 611 2552 eum
629 2492 768 2553 omnibus
782 2489 984 2552 oreditoribus
1006 2491 1071 2550 suis
1085 2490 1166 2550 male

139 2581 223 2648 agat,
246 2572 373 2636 invitum
396 2575 435 2635 de
455 2575 581 2650 praedio
605 2575 724 2657 detrudi
747 2581 839 2636 vetat.
878 2571 929 2636 85.
956 2571 1165 2636 Proficiscenti

138 2655 193 2717 tibi
207 2658 238 2717 in
254 2656 486 2733 possessionem
499 2665 622 2734 praetor
634 2658 718 2734 ipse,
741 2659 813 2719 Sex.
831 2656 942 2730 Naevi,
961 2660 1062 2734 palam
1077 2654 1165 2717 dicit:

7 2780 11 2789 ·
26 2818 29 2823 Ι
139 2740 181 2801 ita
194 2740 371 2817 possideto,
386 2749 420 2803 ut
435 2750 535 2803 tecum
550 2742 639 2803 simul
654 2741 813 2819 possideat
824 2741 1050 2815 Quinetiusaita
1064 2739 1165 2815 possi·

1 2830 7 2909 j
38 2844 42 2849 ·
140 2823 226 2899 deto,
246 2832 279 2887 ut
294 2825 431 2899 Quinctio
445 2827 493 2886 vis
509 2843 548 2886 ne
562 2827 724 2888 adteratur.
754 2824 854 2900 Quid?
875 2832 909 2886 tu
922 2826 954 2886 id
970 2823 1165 2901 quemadmo-

140 2907 213 2968 dum
235 2909 405 2970 observas?
432 2909 519 2971 Mitto
539 2908 613 2970 illud
633 2909 751 2984 dicere,
771 2925 855 2983 eunt,
879 2907 1012 2984 quinon
1034 2906 1164 2976 latitarit,

141 2989 191 3051 oui
204 2992 319 3053 Romae
334 2993 460 3067 domus,
474 3009 567 3066 uxor,
583 2992 685 3067 liberi,
700 3000 881 3069 procurator
894 3000 992 3054 esset:
1014 3008 1098 3065 eum,
1113 2989 1165 3065 qui

140 3071 195 3135 tibi
209 3075 415 3137 vadimonium
436 3093 497 3137 non
512 3076 716 3138 deseruisset:
744 3075 940 3138 haecomnia
959 3075 1058 3139 mitto:
1090 3073 1164 3134 illud

140 3157 226 3231 dieo,
241 3158 395 3221 domiuum
409 3162 572 3236 expulsum
591 3177 663 3221 esse
677 3161 716 3221 de
729 3159 871 3234 praedio,
887 3160 1010 3220 domino
1022 3176 1040 3219 a
1053 3156 1165 3217 familia

1 3288 2 3305 ι
66 3242 71 3253 ’
141 3256 198 3302 sua
211 3258 318 3303 manus
331 3244 449 3304 adlatas
460 3261 531 3305 esse
544 3252 614 3305 ante
626 3261 702 3306 suos
714 3243 809 3305 Lares
821 3243 1001 3305 lamiliares
1017 3243 1077 3302 hoe
1095 3240 1164 3301 dieo

116 3438 126 3451 ·
170 3442 178 3456 ·
225 3447 233 3461 ·
279 3449 289 3466 .
333 3449 343 3467 ·
389 3453 397 3468 .
441 3410 582 3475 mtvtlt.
610 3368 763 3476 Naevium
783 3429 825 3475 ne
848 3410 1028 3488 appellasse
1051 3407 1177 3479 quidem
