2370 3780
128 202 170 270 78
304 204 379 267 PRO
401 206 434 279 Q.
456 206 595 267 ROSClO
618 206 799 269 COMOEDO
822 206 977 269 oleario,

128 370 158 419 te
175 358 204 418 iu
221 356 366 419 societate
381 360 521 419 Roscius.
556 360 662 419 Sunt
654 378 733 433 rura,
756 370 827 421 sunt
842 362 990 422 formulae
1002 362 1042 421 de
1058 364 1134 423 omui

126 444 186 503 bus
201 444 293 503 rebus
308 443 503 539 constitutae,
523 460 560 503 ue
578 444 647 518 quis
665 446 756 504 autin
773 444 1028 519 gencreiniuriae
1042 455 1135 507 autra-

126 528 209 587 tioue
224 527 351 587 actionis
366 510 472 586 errare'
490 527 596 600 possit.
627 528 802 603 Expressae
824 538 896 589 sunt
909 528 990 589 euim
1005 545 1047 589 ex
1063 528 1136 591 unius

127 610 277 685 cuiusque
300 612 426 670 dautno.
452 611 572 682 dolore,
598 610 809 683 incommodo,
833 613 1020 685 calamitate,
1045 612 1137 674 iniuria
1177 666 1181 683 ,

127 696 267 769 publicae
288 712 307 753 a
325 703 465 769 praetore
489 696 649 765 lormulae,
674 696 713 754 ad
735 712 813 771 qtras
838 696 960 770 privata
979 696 1019 757 lis
1034 712 1137 757 accour

126 780 275 839 nrodatur.

208 862 256 921 lX.
279 860 329 923 25.
352 862 435 934 Quae
447 878 540 936 quum
555 861 594 921 ita
609 862 681 933 siut,
699 876 753 919 eur
764 879 824 923 nou
838 863 986 925 arbitrum
997 880 1052 940 pro
1062 864 1138 925 socio

123 946 265 1020 adegeris
293 946 325 1018 Q.
347 945 492 1005 lloscium
514 962 639 1020 quaero.
661 978 702 989 —
722 944 895 1007 Formnlatn
911 966 973 1009 non
990 964 1086 1009 noras.
1101 982 1139 993 —

124 1030 289 1091 Notissima
305 1038 378 1089 erat.
395 1062 439 1073 —
454 1028 569 1089 ludicio
590 1027 676 1103 gravi
697 1030 828 1104 experiri
852 1032 993 1093 uolebas.
1010 1064 1054 1077 —-
1071 1032 1139 1105 Quid

124 1113 186 1173 ital
197 1148 240 1157 -
254 1114 381 1188 Propter
397 1113 626 1175 familiaritatem
643 1121 784 1173 veterem.
799 1148 841 1159 —
865 1114 926 1173 Cur
942 1132 1017 1191 ergo
1034 1116 1139 1177 laedisl

122 1230 165 1241 -
180 1198 306 1273 Propter
322 1197 522 1273 iutegritatem
533 1198 673 1257 hominis.
687 1230 730 1241 -
747 1198 805 1257 Cur
816 1198 906 1273 igitur
918 1200 1139 1261 insimulant-

122 1280 248 1355 Propter
262 1281 497 1355 ruagnitudinern
511 1281 654 1342 criminis.
670 1316 713 1325 -
727 1282 808 1341 ltaue
822 1298 911 1356 vero,
932 1300 1026 1359 quem
1036 1300 1090 1359 per
1100 1300 1139 1343 ar-

121 1364 231 1424 bitrum
248 1364 466 1425 circunncnirc
482 1384 541 1425 aton
558 1382 685 1439 posses,
708 1365 795 1425 carius
815 1367 854 1427 de
877 1382 915 1425 ea
937 1384 972 1429 re
994 1367 1138 1444 proprium

122 1458 187 1509 erat
203 1450 361 1519 iudicium,
384 1449 463 1509 hirtae
480 1466 533 1524 per
550 1449 682 1509 iudicem
697 1450 930 1523 condemnabis,
958 1452 1047 1513 cuius
1061 1452 1096 1511 de
1109 1466 1139 1509 ea

122 1549 155 1593 re
172 1535 284 1593 uullnnt
301 1544 346 1594 est
364 1534 540 1593 arlntriurnt
567 1532 643 1606 Quin
666 1542 697 1592 tu
714 1533 772 1593 huc
788 1534 900 1593 crimen
915 1543 970 1595 aut
984 1534 1084 1596 obiice
1095 1534 1138 1594 ubi

121 1617 193 1679 licet
208 1636 298 1681 agere
320 1627 372 1677 :tut
386 1617 486 1677 iacere
504 1617 564 1677 noli
584 1616 633 1676 ulii
648 1634 708 1677 non
721 1626 848 1693 oportet.
869 1618 1006 1679 Tametsi
1017 1619 1077 1679 iam
1089 1618 1139 1679 hoc

121 1708 173 1760 tuo
192 1701 364 1761 testimonio
390 1702 502 1760 crimen
518 1702 668 1761 sublatum
686 1709 742 1760 est.
769 1702 859 1774 Nam,
884 1719 949 1777 quo
967 1710 1000 1763 lu
1016 1712 1139 1779 tempore

121 1782 173 1843 illa
188 1786 316 1843 luttuula
333 1785 373 1844 uli
389 1784 526 1857 noluisti,
549 1785 621 1844 nilril
636 1785 715 1844 lutnc
732 1784 762 1843 in
783 1784 962 1846 societatem
977 1788 1093 1848 iruudis
1104 1786 1138 1845 ie·

121 1868 203 1927 cisse
216 1868 355 1927 iudicasti
379 1908 552 1929 ........
572 1870 647 1927 Num
659 1869 776 1928 tabulas
788 1869 879 1929 habet
889 1886 929 1928 an
942 1878 1030 1931 nont
1048 1872 1079 1932 Si
1088 1886 1138 1930 nou

121 1950 227 2017 habet,
247 1954 503 2026 ‹ptramntdtnodum
518 1952 619 2026 pactio
635 1960 703 2011 estl
728 1952 754 2011 si
775 1953 880 2026 habet,
907 1969 964 2015 eur
977 1972 1042 2017 non
1057 1953 1139 2015 nomi-

120 2044 199 2095 nas‘l
230 2036 280 2097 26.
306 2036 360 2096 llic
383 2053 463 2096 nunc
483 2036 626 2097 lloscium
649 2038 756 2097 abste
778 2036 947 2111 petissent
973 2038 1140 2099 familiarem

121 2136 210 2179 suurn
226 2137 363 2181 sumeres
380 2122 532 2181 arbitrum.
547 2154 590 2163 -
606 2120 671 2179 Non
689 2120 783 2195 petiit.
797 2154 840 2165 -
851 2120 906 2180 Dic
919 2122 1095 2196 pactionem
1104 2122 1139 2181 le-

120 2204 201 2263 cisse
220 2211 251 2263 ut
265 2206 484 2265 absolveretur.
507 2236 543 2249 -
565 2205 630 2265 lion
652 2204 776 2279 pepigit.
791 2239 834 2250 —
853 2203 976 2285 Quaere
994 2222 1088 2282 quare
1108 2204 1141 2265 sit

120 2288 301 2348 :absolutusl
322 2287 408 2361 Quod
425 2298 489 2349 erat
506 2305 622 2348 summa
639 2288 813 2349 innocentia
826 2296 856 2349 et
869 2288 1055 2365 integritate.
1072 2286 1140 2363 onia

121 2370 201 2430 eninr
215 2375 325 2433 laetum
340 2380 407 2433 estt
428 2371 546 2432 Venisti
562 2374 684 2433 donnum
697 2374 774 2433 ultro
791 2370 911 2433 Roscii:
934 2374 1013 2434 satis
1035 2370 1139 2434 iecisti:

122 2457 205 2529 quod
222 2466 332 2516 temere
349 2456 526 2516 commisisti
544 2457 573 2515 iu
591 2456 737 2516 iudicium
750 2465 783 2517 ut
798 2455 1013 2529 denunciaret‚
1033 2454 1139 2531 rogasti

119 2548 153 2597 ut
166 2541 352 2614 ignosceret:
370 2547 399 2599 te
414 2542 586 2600 adllatorum
604 2539 735 2614 negasti:
752 2540 862 2600 debere
878 2539 934 2600 tibi
949 2556 991 2601 ex
1001 2540 1140 2603 societate

121 2624 195 2682 nihil
208 2624 375 2684 clamitasti.
406 2624 501 2685 ludici
523 2624 570 2683 hic
592 2624 799 2683 denunciavit:
819 2622 984 2685 absolutus
999 2633 1058 2686 est
1091 2622 1137 2681 Ta·

120 2723 189 2767 rnen
206 2708 320 2768 fraudis
336 2724 372 2767 ac
385 2708 454 2768 l'urti
466 2709 648 2769 mentionem
663 2710 763 2767 lacere
777 2706 896 2766 audest
912 2709 1035 2770 Perstat
1048 2708 1078 2768 in
1091 2706 1138 2766 iur-

120 2791 275 2864 pudeatia.
309 2792 481 2852 Paetionem
494 2794 590 2864 euim,
606 2792 718 2866 inquit,
739 2806 857 2849 mecum
873 2793 998 2854 lecerat
1026 2790 1137 2851 idcirco

118 2874 276 2947 videlicet,
293 2894 330 2935 nc
353 2877 613 2936 condemnaretur.
633 2910 677 2920 -
697 2874 774 2948 oum
794 2883 859 2934 erat
879 2892 995 2937 causae
1010 2890 1067 2936 cur
1083 2888 1138 2935 mc·

119 2968 218 3019 lueret
232 2976 270 3019 nc
282 2962 599 3021 cnrrdernnareturt-
609 2962 671 3020 Res
683 2966 746 3018 erat
759 2957 939 3021 manifesta:
956 2962 1070 3021 lurtum
1080 2964 1139 3021 erat

119 3051 267 3117 apertum.
990 3122 993 3127 Ι

202 3125 253 3188 at.
288 3127 379 3187 Cuius
406 3125 450 3187 rei
472 3128 583 3188 lurtum
604 3129 714 3187 lactum
736 3131 820 3186 erat?
851 3128 1017 3191 Exordilur
1036 3140 1137 3201 magna

121 3226 189 3270 oum
212 3211 440 3307 exspectatione
462 3211 571 3272 veteris
593 3210 748 3271 histrionis
773 3226 932 3285 exponere
955 3211 1135 3273 societatem.

107 3295 206 3355 -Χ
228 3294 431 3376 PanurgnS,
424 3295 537 3375 tnqttit,
511 3295 735 3358 tluitPauuii.
765 3295 795 3354 ls
817 3294 874 3356 luit
892 3295 921 3355 ei
943 3311 1014 3357 eum
1029 3292 1136 3357 Roscio

94 3383 351 3446 communis.—-
370 3346 433 3448 Hic
452 3386 587 3465 primum
611 3389 739 3459 nuestus
757 3378 1002 3435 esaunuteu'uer
1009 3378 1142 3436 samum

83 3450 297 3535 communem
316 3474 443 3539 lactum
458 3490 539 3538 esse
553 3468 652 3551 gratis
670 3460 893 3531 cuminosc'to,
911 3455 1083 3525 naupredae
1095 3466 1161 3523 mn-
