<?xml version="1.0" encoding="UTF-8"?>
<!DOCTYPE html PUBLIC "-//W3C//DTD XHTML 1.0 Transitional//EN"
    "http://www.w3.org/TR/xhtml1/DTD/xhtml1-transitional.dtd">
<html xmlns="http://www.w3.org/1999/xhtml" xml:lang="en" lang="en">
 <head>
  <title>
</title>
<meta http-equiv="Content-Type" content="text/html;charset=utf-8" />
  <meta name='ocr-system' content='tesseract 3.04.00' />
  <meta name='ocr-capabilities' content='ocr_page ocr_carea ocr_par ocr_line ocrx_word'/>
</head>
<body>
  <div class='ocr_page' id='page_1' title='image "./mtulliiciceroni85cicegoog/mtulliiciceroni85cicegoog_0034.png"; bbox 0 0 2370 3780; ppageno 0'>
   <div class='ocr_carea' id='block_1_1' title="bbox 365 184 1088 253">
    <p class='ocr_par' dir='ltr' id='par_1_1' title="bbox 365 184 1088 253">
     <span class='ocr_line' id='line_1_1' title="bbox 365 184 1088 253; baseline 0.007 -6"><span class='ocrx_word' id='word_1_1' title='bbox 365 184 447 248; x_wconf 81' lang='lat' dir='ltr'><strong>CAP.</strong></span> <span class='ocrx_word' id='word_1_2' title='bbox 461 191 595 249; x_wconf 79' lang='lat'><strong>26—29.</strong></span> <span class='ocrx_word' id='word_1_3' title='bbox 615 189 642 253; x_wconf 76' lang='lat' dir='ltr'>S·</span> <span class='ocrx_word' id='word_1_4' title='bbox 656 192 789 249; x_wconf 76' lang='lat'><strong>82-88·</strong></span> <span class='ocrx_word' id='word_1_5' title='bbox 1046 186 1088 252; x_wconf 78' lang='lat'>25</span> 
     </span>
    </p>
   </div>
   <div class='ocr_carea' id='block_1_2' title="bbox 35 334 1157 3498">
    <p class='ocr_par' dir='ltr' id='par_1_2' title="bbox 60 334 1089 985">
     <span class='ocr_line' id='line_1_2' title="bbox 61 334 1087 414; baseline 0.001 -15"><span class='ocrx_word' id='word_1_6' title='bbox 61 335 352 414; x_wconf 73' lang='lat' dir='ltr'>Quinctiumquum</span> <span class='ocrx_word' id='word_1_7' title='bbox 363 336 453 398; x_wconf 85' lang='lat' dir='ltr'>simul</span> <span class='ocrx_word' id='word_1_8' title='bbox 465 334 708 411; x_wconf 87' lang='lat' dir='ltr'>esset‚experiri</span> <span class='ocrx_word' id='word_1_9' title='bbox 720 342 827 412; x_wconf 86' lang='lat' dir='ltr'>posset</span> <span class='ocrx_word' id='word_1_10' title='bbox 837 334 1087 400; x_wconf 70' lang='lat' dir='ltr'>cotidierdeinde</span> 
     </span>
     <span class='ocr_line' id='line_1_3' title="bbox 62 419 1088 498; baseline 0.002 -16"><span class='ocrx_word' id='word_1_11' title='bbox 62 422 148 498; x_wconf 88' lang='lat' dir='ltr'>quod</span> <span class='ocrx_word' id='word_1_12' title='bbox 162 420 264 482; x_wconf 90' lang='lat' dir='ltr'>omnia</span> <span class='ocrx_word' id='word_1_13' title='bbox 286 420 398 482; x_wconf 90' lang='lat' dir='ltr'>iudicia</span> <span class='ocrx_word' id='word_1_14' title='bbox 415 419 674 483; x_wconf 87' lang='lat' dir='ltr'>dilllcillimacum</span> <span class='ocrx_word' id='word_1_15' title='bbox 692 436 809 480; x_wconf 89' lang='lat' dir='ltr'>summa</span> <span class='ocrx_word' id='word_1_16' title='bbox 825 437 882 482; x_wconf 85' lang='lat' dir='ltr'>sua</span> <span class='ocrx_word' id='word_1_17' title='bbox 895 419 1009 482; x_wconf 88' lang='lat' dir='ltr'>invidia</span> <span class='ocrx_word' id='word_1_18' title='bbox 1025 439 1088 484; x_wconf 85' lang='lat' dir='ltr'>ma·</span> 
     </span>
     <span class='ocr_line' id='line_1_4' title="bbox 61 502 1087 581; baseline 0 -15"><span class='ocrx_word' id='word_1_19' title='bbox 61 507 206 581; x_wconf 86' lang='lat' dir='ltr'>ximoque</span> <span class='ocrx_word' id='word_1_20' title='bbox 221 505 358 581; x_wconf 89' lang='lat' dir='ltr'>periculo</span> <span class='ocrx_word' id='word_1_21' title='bbox 378 503 409 562; x_wconf 89' lang='lat' dir='ltr'>P.</span> <span class='ocrx_word' id='word_1_22' title='bbox 424 502 553 577; x_wconf 82' lang='lat' dir='ltr'>Quinctii</span> <span class='ocrx_word' id='word_1_23' title='bbox 574 502 641 563; x_wconf 86' lang='lat' dir='ltr'>lieri</span> <span class='ocrx_word' id='word_1_24' title='bbox 656 505 772 578; x_wconf 86' lang='lat' dir='ltr'>mallet,</span> <span class='ocrx_word' id='word_1_25' title='bbox 793 521 884 579; x_wconf 88' lang='lat' dir='ltr'>quam</span> <span class='ocrx_word' id='word_1_26' title='bbox 904 503 979 564; x_wconf 92' lang='lat' dir='ltr'>illud</span> <span class='ocrx_word' id='word_1_27' title='bbox 993 521 1087 579; x_wconf 79' lang='lat' dir='ltr'>pecu·</span> 
     </span>
     <span class='ocr_line' id='line_1_5' title="bbox 61 586 1089 664; baseline 0 -14"><span class='ocrx_word' id='word_1_28' title='bbox 61 588 189 650; x_wconf 86' lang='lat' dir='ltr'>niarium</span> <span class='ocrx_word' id='word_1_29' title='bbox 205 587 365 660; x_wconf 89' lang='lat' dir='ltr'>iudicium,</span> <span class='ocrx_word' id='word_1_30' title='bbox 382 588 465 663; x_wconf 90' lang='lat' dir='ltr'>quod</span> <span class='ocrx_word' id='word_1_31' title='bbox 476 603 538 647; x_wconf 93' lang='lat' dir='ltr'>uno</span> <span class='ocrx_word' id='word_1_32' title='bbox 553 587 602 647; x_wconf 92' lang='lat' dir='ltr'>die</span> <span class='ocrx_word' id='word_1_33' title='bbox 616 586 743 663; x_wconf 80' lang='lat' dir='ltr'><strong>transigi</strong></span> <span class='ocrx_word' id='word_1_34' title='bbox 759 595 881 664; x_wconf 85' lang='lat' dir='ltr'>posset:</span> <span class='ocrx_word' id='word_1_35' title='bbox 897 604 937 648; x_wconf 87' lang='lat' dir='ltr'>ex</span> <span class='ocrx_word' id='word_1_36' title='bbox 952 604 1013 662; x_wconf 86' lang='lat' dir='ltr'>quo</span> <span class='ocrx_word' id='word_1_37' title='bbox 1026 604 1089 650; x_wconf 90' lang='lat' dir='ltr'>uno</span> 
     </span>
     <span class='ocr_line' id='line_1_6' title="bbox 60 669 1087 752; baseline -0.002 -17"><span class='ocrx_word' id='word_1_38' title='bbox 60 673 138 735; x_wconf 79' lang='lat' dir='ltr'>llaec</span> <span class='ocrx_word' id='word_1_39' title='bbox 152 672 254 733; x_wconf 90' lang='lat' dir='ltr'>omnia</span> <span class='ocrx_word' id='word_1_40' title='bbox 268 679 338 732; x_wconf 87' lang='lat' dir='ltr'>nata</span> <span class='ocrx_word' id='word_1_41' title='bbox 352 679 382 731; x_wconf 90' lang='lat' dir='ltr'>et</span> <span class='ocrx_word' id='word_1_42' title='bbox 394 671 532 752; x_wconf 80' lang='lat' dir='ltr'>prolecta</span> <span class='ocrx_word' id='word_1_43' title='bbox 546 685 618 731; x_wconf 89' lang='lat' dir='ltr'>esse</span> <span class='ocrx_word' id='word_1_44' title='bbox 629 669 780 732; x_wconf 76' lang='lat' dir='ltr'>concedit.</span> <span class='ocrx_word' id='word_1_45' title='bbox 805 671 871 746; x_wconf 80' lang='lat' dir='ltr'>Quo</span> <span class='ocrx_word' id='word_1_46' title='bbox 885 670 916 732; x_wconf 94' lang='lat' dir='ltr'>in</span> <span class='ocrx_word' id='word_1_47' title='bbox 930 671 1000 732; x_wconf 91' lang='lat' dir='ltr'>loco</span> <span class='ocrx_word' id='word_1_48' title='bbox 1015 687 1087 733; x_wconf 92' lang='lat' dir='ltr'>con·</span> 
     </span>
     <span class='ocr_line' id='line_1_7' title="bbox 60 753 1088 831; baseline -0.002 -13"><span class='ocrx_word' id='word_1_49' title='bbox 60 756 213 818; x_wconf 81' lang='lat' dir='ltr'><strong>dicionem</strong></span> <span class='ocrx_word' id='word_1_50' title='bbox 224 755 288 829; x_wconf 88' lang='lat' dir='ltr'>tuli,</span> <span class='ocrx_word' id='word_1_51' title='bbox 303 754 331 815; x_wconf 86' lang='lat' dir='ltr'>si</span> <span class='ocrx_word' id='word_1_52' title='bbox 344 755 434 815; x_wconf 89' lang='lat' dir='ltr'>vellet</span> <span class='ocrx_word' id='word_1_53' title='bbox 445 753 607 829; x_wconf 88' lang='lat' dir='ltr'>pecuniam</span> <span class='ocrx_word' id='word_1_54' title='bbox 617 763 737 831; x_wconf 87' lang='lat' dir='ltr'>petere,</span> <span class='ocrx_word' id='word_1_55' title='bbox 750 754 782 814; x_wconf 85' lang='lat' dir='ltr'>P.</span> <span class='ocrx_word' id='word_1_56' title='bbox 794 753 963 829; x_wconf 81' lang='lat' dir='ltr'>Quinctium</span> <span class='ocrx_word' id='word_1_57' title='bbox 973 754 1088 816; x_wconf 85' lang='lat' dir='ltr'>iudica·</span> 
     </span>
     <span class='ocr_line' id='line_1_8' title="bbox 60 836 1089 917; baseline -0.002 -16"><span class='ocrx_word' id='word_1_58' title='bbox 60 849 124 902; x_wconf 93' lang='lat' dir='ltr'>tum</span> <span class='ocrx_word' id='word_1_59' title='bbox 144 838 224 900; x_wconf 89' lang='lat' dir='ltr'>solvi</span> <span class='ocrx_word' id='word_1_60' title='bbox 244 836 318 899; x_wconf 87' lang='lat' dir='ltr'>satis</span> <span class='ocrx_word' id='word_1_61' title='bbox 338 838 491 914; x_wconf 90' lang='lat' dir='ltr'>daturum,</span> <span class='ocrx_word' id='word_1_62' title='bbox 518 838 590 898; x_wconf 90' lang='lat' dir='ltr'>dum</span> <span class='ocrx_word' id='word_1_63' title='bbox 611 837 696 915; x_wconf 89' lang='lat' dir='ltr'>ipse,</span> <span class='ocrx_word' id='word_1_64' title='bbox 722 837 749 900; x_wconf 91' lang='lat' dir='ltr'>si</span> <span class='ocrx_word' id='word_1_65' title='bbox 771 837 846 915; x_wconf 89' lang='lat' dir='ltr'>quid</span> <span class='ocrx_word' id='word_1_66' title='bbox 867 847 1000 916; x_wconf 88' lang='lat' dir='ltr'>peteret,</span> <span class='ocrx_word' id='word_1_67' title='bbox 1021 838 1089 917; x_wconf 90' lang='lat' dir='ltr'>pari</span> 
     </span>
     <span class='ocr_line' id='line_1_9' title="bbox 61 922 630 985; baseline -0.009 -1"><span class='ocrx_word' id='word_1_68' title='bbox 61 922 245 985; x_wconf 86' lang='lat' dir='ltr'>condicione</span> <span class='ocrx_word' id='word_1_69' title='bbox 260 930 402 983; x_wconf 87' lang='lat' dir='ltr'>uteretur.</span> <span class='ocrx_word' id='word_1_70' title='bbox 626 932 630 937; x_wconf 81' lang='grc'><strong>’</strong></span> 
     </span>
    </p>

    <p class='ocr_par' dir='ltr' id='par_1_3' title="bbox 58 1003 1089 2587">
     <span class='ocr_line' id='line_1_10' title="bbox 93 1003 1088 1083; baseline -0.002 -15"><span class='ocrx_word' id='word_1_71' title='bbox 93 1062 96 1067; x_wconf 78' lang='grc'><strong><em>,</em></strong></span> <span class='ocrx_word' id='word_1_72' title='bbox 145 1006 197 1068; x_wconf 86' lang='grc'>86.</span> <span class='ocrx_word' id='word_1_73' title='bbox 227 1004 351 1066; x_wconf 85' lang='lat' dir='ltr'>Ostendi</span> <span class='ocrx_word' id='word_1_74' title='bbox 372 1021 463 1081; x_wconf 85' lang='lat' dir='ltr'>quam</span> <span class='ocrx_word' id='word_1_75' title='bbox 484 1006 579 1066; x_wconf 88' lang='lat' dir='ltr'>multa</span> <span class='ocrx_word' id='word_1_76' title='bbox 598 1015 669 1067; x_wconf 92' lang='lat' dir='ltr'>ante</span> <span class='ocrx_word' id='word_1_77' title='bbox 688 1003 755 1065; x_wconf 88' lang='lat' dir='ltr'>fieri</span> <span class='ocrx_word' id='word_1_78' title='bbox 779 1005 971 1080; x_wconf 89' lang='lat' dir='ltr'>convenerit,</span> <span class='ocrx_word' id='word_1_79' title='bbox 997 1022 1088 1083; x_wconf 88' lang='lat' dir='ltr'>quam</span> 
     </span>
     <span class='ocr_line' id='line_1_11' title="bbox 60 1087 1087 1166; baseline -0.002 -14"><span class='ocrx_word' id='word_1_80' title='bbox 60 1089 195 1153; x_wconf 91' lang='lat' dir='ltr'>hominis</span> <span class='ocrx_word' id='word_1_81' title='bbox 210 1088 375 1165; x_wconf 89' lang='lat' dir='ltr'>propinqui</span> <span class='ocrx_word' id='word_1_82' title='bbox 389 1090 472 1150; x_wconf 90' lang='lat' dir='ltr'>bona</span> <span class='ocrx_word' id='word_1_83' title='bbox 485 1087 639 1165; x_wconf 87' lang='lat' dir='ltr'>possideri</span> <span class='ocrx_word' id='word_1_84' title='bbox 651 1089 890 1164; x_wconf 87' lang='lat' dir='ltr'>postularentur,</span> <span class='ocrx_word' id='word_1_85' title='bbox 908 1089 1087 1166; x_wconf 89' lang='lat' dir='ltr'>praesertim</span> 
     </span>
     <span class='ocr_line' id='line_1_12' title="bbox 61 1172 1089 1250; baseline -0.003 -14"><span class='ocrx_word' id='word_1_86' title='bbox 61 1190 157 1250; x_wconf 89' lang='lat' dir='ltr'>quum</span> <span class='ocrx_word' id='word_1_87' title='bbox 166 1174 282 1234; x_wconf 89' lang='lat' dir='ltr'>Romae</span> <span class='ocrx_word' id='word_1_88' title='bbox 299 1173 410 1234; x_wconf 90' lang='lat' dir='ltr'>domus</span> <span class='ocrx_word' id='word_1_89' title='bbox 425 1172 508 1243; x_wconf 90' lang='lat' dir='ltr'>eius,</span> <span class='ocrx_word' id='word_1_90' title='bbox 528 1188 623 1245; x_wconf 86' lang='lat' dir='ltr'>uxor,</span> <span class='ocrx_word' id='word_1_91' title='bbox 644 1172 731 1232; x_wconf 91' lang='lat' dir='ltr'>liberi</span> <span class='ocrx_word' id='word_1_92' title='bbox 746 1181 850 1233; x_wconf 79' lang='lat' dir='ltr'><strong>essent</strong></span> <span class='ocrx_word' id='word_1_93' title='bbox 863 1182 894 1234; x_wconf 90' lang='lat' dir='ltr'>et</span> <span class='ocrx_word' id='word_1_94' title='bbox 907 1182 1089 1250; x_wconf 85' lang='lat' dir='ltr'>procurator</span> 
     </span>
     <span class='ocr_line' id='line_1_13' title="bbox 59 1254 1088 1333; baseline 0 -15"><span class='ocrx_word' id='word_1_95' title='bbox 59 1273 161 1333; x_wconf 88' lang='lat' dir='ltr'>acque</span> <span class='ocrx_word' id='word_1_96' title='bbox 175 1255 333 1332; x_wconf 85' lang='lat' dir='ltr'>utriusque</span> <span class='ocrx_word' id='word_1_97' title='bbox 350 1254 555 1317; x_wconf 87' lang='lat' dir='ltr'>necessarius.</span> <span class='ocrx_word' id='word_1_98' title='bbox 590 1255 702 1329; x_wconf 89' lang='lat' dir='ltr'>Docui,</span> <span class='ocrx_word' id='word_1_99' title='bbox 725 1272 819 1331; x_wconf 90' lang='lat' dir='ltr'>quum</span> <span class='ocrx_word' id='word_1_100' title='bbox 842 1256 995 1318; x_wconf 86' lang='lat' dir='ltr'>desertum</span> <span class='ocrx_word' id='word_1_101' title='bbox 1016 1273 1088 1318; x_wconf 90' lang='lat' dir='ltr'>esse</span> 
     </span>
     <span class='ocr_line' id='line_1_14' title="bbox 60 1338 1086 1417; baseline 0.001 -15"><span class='ocrx_word' id='word_1_102' title='bbox 60 1342 144 1402; x_wconf 86' lang='lat' dir='ltr'>dicat</span> <span class='ocrx_word' id='word_1_103' title='bbox 156 1339 376 1412; x_wconf 88' lang='lat' dir='ltr'>vadimonium,</span> <span class='ocrx_word' id='word_1_104' title='bbox 397 1338 520 1401; x_wconf 89' lang='lat' dir='ltr'>omnino</span> <span class='ocrx_word' id='word_1_105' title='bbox 543 1338 748 1400; x_wconf 88' lang='lat' dir='ltr'>vadimonium</span> <span class='ocrx_word' id='word_1_106' title='bbox 763 1341 877 1400; x_wconf 91' lang='lat' dir='ltr'>nullum</span> <span class='ocrx_word' id='word_1_107' title='bbox 893 1339 1005 1402; x_wconf 82' lang='lat' dir='ltr'>luisse:</span> <span class='ocrx_word' id='word_1_108' title='bbox 1023 1357 1086 1417; x_wconf 88' lang='lat' dir='ltr'>quc</span> 
     </span>
     <span class='ocr_line' id='line_1_15' title="bbox 60 1421 1087 1499; baseline 0 -15"><span class='ocrx_word' id='word_1_109' title='bbox 60 1425 112 1485; x_wconf 93' lang='lat' dir='ltr'>die</span> <span class='ocrx_word' id='word_1_110' title='bbox 126 1424 206 1485; x_wconf 87' lang='lat' dir='ltr'>hunc</span> <span class='ocrx_word' id='word_1_111' title='bbox 221 1423 280 1484; x_wconf 93' lang='lat' dir='ltr'>sibi</span> <span class='ocrx_word' id='word_1_112' title='bbox 290 1422 472 1499; x_wconf 80' lang='lat' dir='ltr'>promisisse</span> <span class='ocrx_word' id='word_1_113' title='bbox 484 1423 579 1499; x_wconf 86' lang='lat' dir='ltr'>dicat,</span> <span class='ocrx_word' id='word_1_114' title='bbox 594 1439 633 1484; x_wconf 92' lang='lat' dir='ltr'>eo</span> <span class='ocrx_word' id='word_1_115' title='bbox 645 1421 695 1484; x_wconf 90' lang='lat' dir='ltr'>die</span> <span class='ocrx_word' id='word_1_116' title='bbox 707 1439 745 1484; x_wconf 89' lang='lat' dir='ltr'>ne</span> <span class='ocrx_word' id='word_1_117' title='bbox 755 1424 871 1484; x_wconf 89' lang='lat' dir='ltr'>Romae</span> <span class='ocrx_word' id='word_1_118' title='bbox 882 1423 1006 1499; x_wconf 89' lang='lat' dir='ltr'>quidem</span> <span class='ocrx_word' id='word_1_119' title='bbox 1018 1441 1087 1485; x_wconf 91' lang='lat' dir='ltr'>eum</span> 
     </span>
     <span class='ocr_line' id='line_1_16' title="bbox 60 1505 1089 1582; baseline 0 -14"><span class='ocrx_word' id='word_1_120' title='bbox 60 1507 172 1569; x_wconf 78' lang='lat' dir='ltr'>luisse:</span> <span class='ocrx_word' id='word_1_121' title='bbox 187 1508 218 1568; x_wconf 94' lang='lat' dir='ltr'>id</span> <span class='ocrx_word' id='word_1_122' title='bbox 231 1508 360 1568; x_wconf 74' lang='lat' dir='ltr'>testibus</span> <span class='ocrx_word' id='word_1_123' title='bbox 371 1523 419 1566; x_wconf 91' lang='lat' dir='ltr'>me</span> <span class='ocrx_word' id='word_1_124' title='bbox 431 1505 582 1582; x_wconf 78' lang='lat' dir='ltr'>pollicitus</span> <span class='ocrx_word' id='word_1_125' title='bbox 595 1524 663 1568; x_wconf 92' lang='lat' dir='ltr'>sum</span> <span class='ocrx_word' id='word_1_126' title='bbox 675 1508 797 1582; x_wconf 89' lang='lat' dir='ltr'>planum</span> <span class='ocrx_word' id='word_1_127' title='bbox 812 1509 974 1581; x_wconf 83' lang='lat' dir='ltr'>iacturum,</span> <span class='ocrx_word' id='word_1_128' title='bbox 992 1507 1043 1582; x_wconf 85' lang='lat' dir='ltr'>qui</span> <span class='ocrx_word' id='word_1_129' title='bbox 1058 1517 1089 1568; x_wconf 95' lang='lat' dir='ltr'>et</span> 
     </span>
     <span class='ocr_line' id='line_1_17' title="bbox 59 1590 1089 1677; baseline -0.002 -25"><span class='ocrx_word' id='word_1_130' title='bbox 59 1591 140 1677; x_wconf 73' lang='lat' dir='ltr'>seire</span> <span class='ocrx_word' id='word_1_131' title='bbox 154 1591 301 1652; x_wconf 90' lang='lat' dir='ltr'>deberent</span> <span class='ocrx_word' id='word_1_132' title='bbox 313 1598 344 1652; x_wconf 92' lang='lat' dir='ltr'>et</span> <span class='ocrx_word' id='word_1_133' title='bbox 361 1606 484 1650; x_wconf 85' lang='lat' dir='ltr'>causam</span> <span class='ocrx_word' id='word_1_134' title='bbox 498 1606 553 1651; x_wconf 91' lang='lat' dir='ltr'>cur</span> <span class='ocrx_word' id='word_1_135' title='bbox 568 1592 763 1651; x_wconf 84' lang='lat' dir='ltr'>mentirentur</span> <span class='ocrx_word' id='word_1_136' title='bbox 779 1607 839 1651; x_wconf 93' lang='lat' dir='ltr'>non</span> <span class='ocrx_word' id='word_1_137' title='bbox 855 1590 1010 1652; x_wconf 83' lang='lat' dir='ltr'>haberent.</span> <span class='ocrx_word' id='word_1_138' title='bbox 1041 1591 1089 1650; x_wconf 84' lang='lat' dir='ltr'>Ex</span> 
     </span>
     <span class='ocr_line' id='line_1_18' title="bbox 59 1673 1088 1750; baseline -0.001 -15"><span class='ocrx_word' id='word_1_139' title='bbox 59 1674 159 1736; x_wconf 86' lang='lat' dir='ltr'>edicto</span> <span class='ocrx_word' id='word_1_140' title='bbox 171 1682 271 1735; x_wconf 86' lang='lat' dir='ltr'>autem</span> <span class='ocrx_word' id='word_1_141' title='bbox 283 1692 343 1736; x_wconf 93' lang='lat' dir='ltr'>non</span> <span class='ocrx_word' id='word_1_142' title='bbox 356 1673 495 1750; x_wconf 88' lang='lat' dir='ltr'>potuisse</span> <span class='ocrx_word' id='word_1_143' title='bbox 505 1675 588 1735; x_wconf 91' lang='lat' dir='ltr'>bona</span> <span class='ocrx_word' id='word_1_144' title='bbox 598 1673 752 1749; x_wconf 89' lang='lat' dir='ltr'>possideri</span> <span class='ocrx_word' id='word_1_145' title='bbox 765 1673 985 1748; x_wconf 90' lang='lat' dir='ltr'>demonstravi,</span> <span class='ocrx_word' id='word_1_146' title='bbox 1003 1674 1088 1749; x_wconf 87' lang='lat' dir='ltr'>quod</span> 
     </span>
     <span class='ocr_line' id='line_1_19' title="bbox 60 1756 1089 1834; baseline 0.001 -17"><span class='ocrx_word' id='word_1_147' title='bbox 60 1775 160 1834; x_wconf 90' lang='lat' dir='ltr'>neque</span> <span class='ocrx_word' id='word_1_148' title='bbox 183 1757 345 1818; x_wconf 90' lang='lat' dir='ltr'>lmudandi</span> <span class='ocrx_word' id='word_1_149' title='bbox 366 1774 460 1818; x_wconf 90' lang='lat' dir='ltr'>causa</span> <span class='ocrx_word' id='word_1_150' title='bbox 478 1757 627 1819; x_wconf 81' lang='lat' dir='ltr'>latitasset</span> <span class='ocrx_word' id='word_1_151' title='bbox 645 1774 746 1834; x_wconf 89' lang='lat' dir='ltr'>neque</span> <span class='ocrx_word' id='word_1_152' title='bbox 760 1756 862 1818; x_wconf 84' lang='lat' dir='ltr'>exsilii</span> <span class='ocrx_word' id='word_1_153' title='bbox 876 1773 971 1820; x_wconf 88' lang='lat' dir='ltr'>causa</span> <span class='ocrx_word' id='word_1_154' title='bbox 988 1756 1089 1820; x_wconf 84' lang='lat' dir='ltr'>solum</span> 
     </span>
     <span class='ocr_line' id='line_1_20' title="bbox 61 1838 1086 1918; baseline 0.002 -17"><span class='ocrx_word' id='word_1_155' title='bbox 61 1842 190 1904; x_wconf 84' lang='lat' dir='ltr'>vertisse</span> <span class='ocrx_word' id='word_1_156' title='bbox 205 1841 367 1903; x_wconf 86' lang='lat' dir='ltr'>diceretur.</span> <span class='ocrx_word' id='word_1_157' title='bbox 411 1838 461 1904; x_wconf 81' lang='lat' dir='ltr'>et.</span> <span class='ocrx_word' id='word_1_158' title='bbox 482 1841 645 1918; x_wconf 86' lang='lat' dir='ltr'>Reliquum</span> <span class='ocrx_word' id='word_1_159' title='bbox 663 1849 710 1902; x_wconf 90' lang='lat' dir='ltr'>est</span> <span class='ocrx_word' id='word_1_160' title='bbox 724 1853 758 1903; x_wconf 88' lang='lat' dir='ltr'>ut</span> <span class='ocrx_word' id='word_1_161' title='bbox 771 1858 841 1902; x_wconf 88' lang='lat' dir='ltr'>curn</span> <span class='ocrx_word' id='word_1_162' title='bbox 861 1858 951 1903; x_wconf 90' lang='lat' dir='ltr'>nemo</span> <span class='ocrx_word' id='word_1_163' title='bbox 972 1840 1086 1903; x_wconf 90' lang='lat' dir='ltr'>iudicio</span> 
     </span>
     <span class='ocr_line' id='line_1_21' title="bbox 58 1924 1087 2002; baseline 0 -17"><span class='ocrx_word' id='word_1_164' title='bbox 58 1924 238 1986; x_wconf 81' lang='lat' dir='ltr'>defenderit.</span> <span class='ocrx_word' id='word_1_165' title='bbox 276 1925 365 1999; x_wconf 82' lang='lat' dir='ltr'>Quod</span> <span class='ocrx_word' id='word_1_166' title='bbox 388 1933 494 1986; x_wconf 89' lang='lat' dir='ltr'>contra</span> <span class='ocrx_word' id='word_1_167' title='bbox 512 1924 727 2002; x_wconf 78' lang='lat' dir='ltr'>copiosissime</span> <span class='ocrx_word' id='word_1_168' title='bbox 748 1927 908 1986; x_wconf 79' lang='lat' dir='ltr'>defensum</span> <span class='ocrx_word' id='word_1_169' title='bbox 928 1942 999 1987; x_wconf 90' lang='lat' dir='ltr'>esse</span> <span class='ocrx_word' id='word_1_170' title='bbox 1014 1942 1087 1986; x_wconf 91' lang='lat' dir='ltr'>con·</span> 
     </span>
     <span class='ocr_line' id='line_1_22' title="bbox 59 2007 1087 2085; baseline 0 -15"><span class='ocrx_word' id='word_1_171' title='bbox 59 2007 158 2083; x_wconf 89' lang='lat' dir='ltr'>lendi,</span> <span class='ocrx_word' id='word_1_172' title='bbox 184 2025 247 2069; x_wconf 93' lang='lat' dir='ltr'>non</span> <span class='ocrx_word' id='word_1_173' title='bbox 270 2009 309 2069; x_wconf 90' lang='lat' dir='ltr'>ab</span> <span class='ocrx_word' id='word_1_174' title='bbox 328 2009 451 2071; x_wconf 89' lang='lat' dir='ltr'>homine</span> <span class='ocrx_word' id='word_1_175' title='bbox 464 2008 564 2070; x_wconf 89' lang='lat' dir='ltr'>alieno</span> <span class='ocrx_word' id='word_1_176' title='bbox 581 2025 682 2085; x_wconf 85' lang='lat' dir='ltr'>neque</span> <span class='ocrx_word' id='word_1_177' title='bbox 697 2010 735 2069; x_wconf 92' lang='lat' dir='ltr'>ab</span> <span class='ocrx_word' id='word_1_178' title='bbox 751 2007 854 2084; x_wconf 89' lang='lat' dir='ltr'>aliquo</span> <span class='ocrx_word' id='word_1_179' title='bbox 870 2008 1087 2071; x_wconf 78' lang='lat' dir='ltr'>calumniatore</span> 
     </span>
     <span class='ocr_line' id='line_1_23' title="bbox 58 2089 1087 2169; baseline 0.002 -17"><span class='ocrx_word' id='word_1_180' title='bbox 58 2099 151 2167; x_wconf 90' lang='lat' dir='ltr'>atque</span> <span class='ocrx_word' id='word_1_181' title='bbox 166 2089 322 2167; x_wconf 92' lang='lat' dir='ltr'>improbo,</span> <span class='ocrx_word' id='word_1_182' title='bbox 338 2093 394 2152; x_wconf 89' lang='lat' dir='ltr'>sed</span> <span class='ocrx_word' id='word_1_183' title='bbox 409 2092 448 2152; x_wconf 88' lang='lat' dir='ltr'>ab</span> <span class='ocrx_word' id='word_1_184' title='bbox 459 2092 559 2168; x_wconf 86' lang='lat' dir='ltr'>equile</span> <span class='ocrx_word' id='word_1_185' title='bbox 573 2094 728 2167; x_wconf 85' lang='lat' dir='ltr'>Romano,</span> <span class='ocrx_word' id='word_1_186' title='bbox 743 2092 916 2169; x_wconf 91' lang='lat' dir='ltr'>propinquo</span> <span class='ocrx_word' id='word_1_187' title='bbox 932 2109 969 2153; x_wconf 87' lang='lat' dir='ltr'>ac</span> <span class='ocrx_word' id='word_1_188' title='bbox 980 2110 1087 2154; x_wconf 90' lang='lat' dir='ltr'>neces·</span> 
     </span>
     <span class='ocr_line' id='line_1_24' title="bbox 60 2173 1087 2254; baseline 0.001 -18"><span class='ocrx_word' id='word_1_189' title='bbox 60 2173 144 2236; x_wconf 85' lang='lat' dir='ltr'>sario</span> <span class='ocrx_word' id='word_1_190' title='bbox 159 2190 233 2248; x_wconf 90' lang='lat' dir='ltr'>suo,</span> <span class='ocrx_word' id='word_1_191' title='bbox 248 2191 338 2250; x_wconf 90' lang='lat' dir='ltr'>quem</span> <span class='ocrx_word' id='word_1_192' title='bbox 354 2174 423 2250; x_wconf 93' lang='lat' dir='ltr'>ipse</span> <span class='ocrx_word' id='word_1_193' title='bbox 439 2174 511 2236; x_wconf 85' lang='lat' dir='ltr'>Sex.</span> <span class='ocrx_word' id='word_1_194' title='bbox 526 2176 660 2237; x_wconf 89' lang='lat' dir='ltr'>Naevius</span> <span class='ocrx_word' id='word_1_195' title='bbox 671 2185 900 2252; x_wconf 87' lang='lat' dir='ltr'>procuratorem</span> <span class='ocrx_word' id='word_1_196' title='bbox 914 2176 1087 2254; x_wconf 86' lang='lat' dir='ltr'>relinquere</span> 
     </span>
     <span class='ocr_line' id='line_1_25' title="bbox 59 2258 1087 2335; baseline 0.003 -18"><span class='ocrx_word' id='word_1_197' title='bbox 59 2266 150 2318; x_wconf 84' lang='lat' dir='ltr'>antea</span> <span class='ocrx_word' id='word_1_198' title='bbox 170 2266 367 2320; x_wconf 75' lang='lat' dir='ltr'>consuessetr</span> <span class='ocrx_word' id='word_1_199' title='bbox 395 2275 497 2334; x_wconf 88' lang='lat' dir='ltr'>neque</span> <span class='ocrx_word' id='word_1_200' title='bbox 521 2276 607 2334; x_wconf 88' lang='lat' dir='ltr'>eum,</span> <span class='ocrx_word' id='word_1_201' title='bbox 632 2258 660 2320; x_wconf 94' lang='lat' dir='ltr'>si</span> <span class='ocrx_word' id='word_1_202' title='bbox 684 2259 824 2321; x_wconf 90' lang='lat' dir='ltr'>tribunos</span> <span class='ocrx_word' id='word_1_203' title='bbox 844 2262 1018 2335; x_wconf 86' lang='lat' dir='ltr'>appellarit,</span> <span class='ocrx_word' id='word_1_204' title='bbox 1042 2261 1087 2321; x_wconf 91' lang='lat' dir='ltr'>id·</span> 
     </span>
     <span class='ocr_line' id='line_1_26' title="bbox 59 2341 1087 2420; baseline 0.004 -19"><span class='ocrx_word' id='word_1_205' title='bbox 59 2341 143 2402; x_wconf 90' lang='lat' dir='ltr'>circo</span> <span class='ocrx_word' id='word_1_206' title='bbox 159 2341 258 2403; x_wconf 88' lang='lat' dir='ltr'>minus</span> <span class='ocrx_word' id='word_1_207' title='bbox 273 2342 386 2403; x_wconf 91' lang='lat' dir='ltr'>iudicio</span> <span class='ocrx_word' id='word_1_208' title='bbox 398 2342 461 2418; x_wconf 88' lang='lat' dir='ltr'>pati</span> <span class='ocrx_word' id='word_1_209' title='bbox 473 2351 610 2418; x_wconf 83' lang='lat' dir='ltr'>paralum</span> <span class='ocrx_word' id='word_1_210' title='bbox 625 2342 737 2404; x_wconf 69' lang='lat' dir='ltr'>luisset</span> <span class='ocrx_word' id='word_1_211' title='bbox 755 2359 856 2418; x_wconf 90' lang='lat' dir='ltr'>neque</span> <span class='ocrx_word' id='word_1_212' title='bbox 871 2345 1007 2418; x_wconf 88' lang='lat' dir='ltr'>potentia</span> <span class='ocrx_word' id='word_1_213' title='bbox 1016 2360 1087 2420; x_wconf 90' lang='lat' dir='ltr'>pro·</span> 
     </span>
     <span class='ocr_line' id='line_1_27' title="bbox 59 2424 1086 2502; baseline 0 -15"><span class='ocrx_word' id='word_1_214' title='bbox 59 2424 209 2487; x_wconf 89' lang='lat' dir='ltr'>curatoris</span> <span class='ocrx_word' id='word_1_215' title='bbox 225 2425 340 2487; x_wconf 89' lang='lat' dir='ltr'>Naevio</span> <span class='ocrx_word' id='word_1_216' title='bbox 353 2425 402 2486; x_wconf 93' lang='lat' dir='ltr'>ius</span> <span class='ocrx_word' id='word_1_217' title='bbox 414 2435 563 2501; x_wconf 77' lang='lat' dir='ltr'>ereptum:</span> <span class='ocrx_word' id='word_1_218' title='bbox 579 2435 685 2488; x_wconf 89' lang='lat' dir='ltr'>contra</span> <span class='ocrx_word' id='word_1_219' title='bbox 699 2426 789 2487; x_wconf 87' lang='lat' dir='ltr'>istum</span> <span class='ocrx_word' id='word_1_220' title='bbox 802 2426 940 2502; x_wconf 89' lang='lat' dir='ltr'>potentia</span> <span class='ocrx_word' id='word_1_221' title='bbox 954 2444 1011 2489; x_wconf 87' lang='lat' dir='ltr'>sua</span> <span class='ocrx_word' id='word_1_222' title='bbox 1024 2436 1086 2488; x_wconf 91' lang='lat' dir='ltr'>tum</span> 
     </span>
     <span class='ocr_line' id='line_1_28' title="bbox 59 2509 1087 2587; baseline 0.001 -17"><span class='ocrx_word' id='word_1_223' title='bbox 59 2517 175 2570; x_wconf 86' lang='lat' dir='ltr'>tantum</span> <span class='ocrx_word' id='word_1_224' title='bbox 197 2511 288 2571; x_wconf 90' lang='lat' dir='ltr'>modo</span> <span class='ocrx_word' id='word_1_225' title='bbox 310 2509 499 2585; x_wconf 90' lang='lat' dir='ltr'>superiorem</span> <span class='ocrx_word' id='word_1_226' title='bbox 515 2509 627 2583; x_wconf 91' lang='lat' dir='ltr'>luisse,</span> <span class='ocrx_word' id='word_1_227' title='bbox 650 2526 731 2571; x_wconf 93' lang='lat' dir='ltr'>nunc</span> <span class='ocrx_word' id='word_1_228' title='bbox 745 2510 834 2571; x_wconf 90' lang='lat' dir='ltr'>nobis</span> <span class='ocrx_word' id='word_1_229' title='bbox 849 2509 902 2569; x_wconf 88' lang='lat' dir='ltr'>vix</span> <span class='ocrx_word' id='word_1_230' title='bbox 916 2510 1087 2587; x_wconf 87' lang='lat' dir='ltr'>respirandi</span> 
     </span>
    </p>

    <p class='ocr_par' dir='ltr' id='par_1_4' title="bbox 35 2590 1157 3498">
     <span class='ocr_line' id='line_1_29' title="bbox 35 2590 1089 2669; baseline 0.002 -16"><span class='ocrx_word' id='word_1_231' title='bbox 35 2590 39 2601; x_wconf 89' lang='grc'><strong>’</strong></span> <span class='ocrx_word' id='word_1_232' title='bbox 61 2599 244 2668; x_wconf 85' lang='lat' dir='ltr'>potestatem</span> <span class='ocrx_word' id='word_1_233' title='bbox 265 2595 350 2654; x_wconf 90' lang='lat' dir='ltr'>dare.</span> <span class='ocrx_word' id='word_1_234' title='bbox 390 2594 495 2654; x_wconf 85' lang='lat' dir='ltr'><strong>XXIX.</strong></span> <span class='ocrx_word' id='word_1_235' title='bbox 516 2593 567 2656; x_wconf 87' lang='grc'>88.</span> <span class='ocrx_word' id='word_1_236' title='bbox 595 2593 739 2668; x_wconf 82' lang='lat' dir='ltr'>Quaesivi</span> <span class='ocrx_word' id='word_1_237' title='bbox 761 2609 841 2669; x_wconf 89' lang='lat' dir='ltr'>quae</span> <span class='ocrx_word' id='word_1_238' title='bbox 861 2610 955 2655; x_wconf 86' lang='lat' dir='ltr'>causa</span> <span class='ocrx_word' id='word_1_239' title='bbox 978 2594 1089 2655; x_wconf 85' lang='lat' dir='ltr'>luisset</span> 
     </span>
     <span class='ocr_line' id='line_1_30' title="bbox 60 2675 1087 2753; baseline -0.001 -17"><span class='ocrx_word' id='word_1_240' title='bbox 60 2692 115 2736; x_wconf 89' lang='lat' dir='ltr'>cur</span> <span class='ocrx_word' id='word_1_241' title='bbox 140 2676 223 2736; x_wconf 89' lang='lat' dir='ltr'>bona</span> <span class='ocrx_word' id='word_1_242' title='bbox 247 2694 308 2738; x_wconf 93' lang='lat' dir='ltr'>non</span> <span class='ocrx_word' id='word_1_243' title='bbox 332 2675 506 2751; x_wconf 89' lang='lat' dir='ltr'>venissent,</span> <span class='ocrx_word' id='word_1_244' title='bbox 533 2695 626 2752; x_wconf 84' lang='lat' dir='ltr'>quum</span> <span class='ocrx_word' id='word_1_245' title='bbox 652 2694 691 2738; x_wconf 90' lang='lat' dir='ltr'>ex</span> <span class='ocrx_word' id='word_1_246' title='bbox 717 2676 818 2738; x_wconf 91' lang='lat' dir='ltr'>edicto</span> <span class='ocrx_word' id='word_1_247' title='bbox 847 2677 1087 2753; x_wconf 88' lang='lat' dir='ltr'>possiderentur.</span> 
     </span>
     <span class='ocr_line' id='line_1_31' title="bbox 58 2758 1086 2837; baseline 0.003 -17"><span class='ocrx_word' id='word_1_248' title='bbox 58 2758 176 2820; x_wconf 86' lang='lat' dir='ltr'>Deinde</span> <span class='ocrx_word' id='word_1_249' title='bbox 200 2759 274 2820; x_wconf 92' lang='lat' dir='ltr'>illud</span> <span class='ocrx_word' id='word_1_250' title='bbox 298 2776 423 2837; x_wconf 86' lang='lat' dir='ltr'>quoque</span> <span class='ocrx_word' id='word_1_251' title='bbox 443 2759 593 2836; x_wconf 85' lang='lat' dir='ltr'>requisivi</span> <span class='ocrx_word' id='word_1_252' title='bbox 607 2777 668 2836; x_wconf 77' lang='lat' dir='ltr'>qua</span> <span class='ocrx_word' id='word_1_253' title='bbox 683 2760 801 2822; x_wconf 87' lang='lat' dir='ltr'>ratione</span> <span class='ocrx_word' id='word_1_254' title='bbox 819 2777 858 2820; x_wconf 88' lang='lat' dir='ltr'>ex</span> <span class='ocrx_word' id='word_1_255' title='bbox 873 2769 917 2822; x_wconf 90' lang='lat' dir='ltr'>tot</span> <span class='ocrx_word' id='word_1_256' title='bbox 931 2761 1086 2823; x_wconf 87' lang='lat' dir='ltr'>creditori·</span> 
     </span>
     <span class='ocr_line' id='line_1_32' title="bbox 58 2842 1157 2919; baseline 0.002 -16"><span class='ocrx_word' id='word_1_257' title='bbox 58 2842 117 2903; x_wconf 92' lang='lat' dir='ltr'>bus</span> <span class='ocrx_word' id='word_1_258' title='bbox 132 2859 222 2904; x_wconf 88' lang='lat' dir='ltr'>nemo</span> <span class='ocrx_word' id='word_1_259' title='bbox 239 2859 340 2919; x_wconf 88' lang='lat' dir='ltr'>neque</span> <span class='ocrx_word' id='word_1_260' title='bbox 356 2853 419 2904; x_wconf 92' lang='lat' dir='ltr'>tum</span> <span class='ocrx_word' id='word_1_261' title='bbox 438 2843 520 2905; x_wconf 88' lang='lat' dir='ltr'>idem</span> <span class='ocrx_word' id='word_1_262' title='bbox 537 2845 643 2906; x_wconf 86' lang='lat' dir='ltr'>lecerit</span> <span class='ocrx_word' id='word_1_263' title='bbox 659 2860 760 2919; x_wconf 89' lang='lat' dir='ltr'>neque</span> <span class='ocrx_word' id='word_1_264' title='bbox 776 2860 857 2904; x_wconf 92' lang='lat' dir='ltr'>nunc</span> <span class='ocrx_word' id='word_1_265' title='bbox 873 2852 979 2905; x_wconf 91' lang='lat' dir='ltr'>contra</span> <span class='ocrx_word' id='word_1_266' title='bbox 995 2845 1085 2918; x_wconf 86' lang='lat' dir='ltr'>dicat,</span> <span class='ocrx_word' id='word_1_267' title='bbox 1154 2914 1157 2919; x_wconf 28' lang='lat'>¹</span> 
     </span>
     <span class='ocr_line' id='line_1_33' title="bbox 60 2927 1087 3004; baseline 0.003 -18"><span class='ocrx_word' id='word_1_268' title='bbox 60 2942 230 3000; x_wconf 88' lang='lat' dir='ltr'>omnesque</span> <span class='ocrx_word' id='word_1_269' title='bbox 245 2944 302 3001; x_wconf 91' lang='lat' dir='ltr'>pro</span> <span class='ocrx_word' id='word_1_270' title='bbox 316 2928 348 2987; x_wconf 88' lang='lat' dir='ltr'>P.</span> <span class='ocrx_word' id='word_1_271' title='bbox 363 2927 501 3001; x_wconf 82' lang='lat' dir='ltr'>Quinctio</span> <span class='ocrx_word' id='word_1_272' title='bbox 519 2936 668 3004; x_wconf 82' lang='lat' dir='ltr'>pugnent,</span> <span class='ocrx_word' id='word_1_273' title='bbox 683 2927 863 3004; x_wconf 88' lang='lat' dir='ltr'>praesertim</span> <span class='ocrx_word' id='word_1_274' title='bbox 881 2944 974 3002; x_wconf 90' lang='lat' dir='ltr'>quum</span> <span class='ocrx_word' id='word_1_275' title='bbox 989 2928 1019 2988; x_wconf 92' lang='lat' dir='ltr'>in</span> <span class='ocrx_word' id='word_1_276' title='bbox 1034 2929 1087 2990; x_wconf 91' lang='lat' dir='ltr'>tali</span> 
     </span>
     <span class='ocr_line' id='line_1_34' title="bbox 57 3007 1087 3073; baseline 0.005 -5"><span class='ocrx_word' id='word_1_277' title='bbox 57 3007 170 3069; x_wconf 92' lang='lat' dir='ltr'>iudicio</span> <span class='ocrx_word' id='word_1_278' title='bbox 191 3010 363 3072; x_wconf 85' lang='lat' dir='ltr'>testimonia</span> <span class='ocrx_word' id='word_1_279' title='bbox 387 3011 570 3072; x_wconf 88' lang='lat' dir='ltr'>creditorum</span> <span class='ocrx_word' id='word_1_280' title='bbox 588 3011 798 3073; x_wconf 88' lang='lat' dir='ltr'>existimentur</span> <span class='ocrx_word' id='word_1_281' title='bbox 818 3011 857 3070; x_wconf 92' lang='lat' dir='ltr'>ad</span> <span class='ocrx_word' id='word_1_282' title='bbox 877 3027 941 3071; x_wconf 91' lang='lat' dir='ltr'>rem</span> <span class='ocrx_word' id='word_1_283' title='bbox 956 3011 1087 3073; x_wconf 86' lang='lat' dir='ltr'>maxime</span> 
     </span>
     <span class='ocr_line' id='line_1_35' title="bbox 58 3091 1087 3171; baseline 0.002 -19"><span class='ocrx_word' id='word_1_284' title='bbox 58 3091 220 3167; x_wconf 88' lang='lat' dir='ltr'>pertinere.</span> <span class='ocrx_word' id='word_1_285' title='bbox 253 3093 364 3155; x_wconf 88' lang='lat' dir='ltr'>Postea</span> <span class='ocrx_word' id='word_1_286' title='bbox 385 3111 452 3154; x_wconf 92' lang='lat' dir='ltr'>sum</span> <span class='ocrx_word' id='word_1_287' title='bbox 475 3112 552 3156; x_wconf 93' lang='lat' dir='ltr'>usus</span> <span class='ocrx_word' id='word_1_288' title='bbox 565 3095 735 3156; x_wconf 87' lang='lat' dir='ltr'>adversarii</span> <span class='ocrx_word' id='word_1_289' title='bbox 748 3093 937 3170; x_wconf 88' lang='lat' dir='ltr'>testimonio,</span> <span class='ocrx_word' id='word_1_290' title='bbox 959 3096 1011 3171; x_wconf 89' lang='lat' dir='ltr'>qui</span> <span class='ocrx_word' id='word_1_291' title='bbox 1027 3094 1087 3156; x_wconf 89' lang='lat' dir='ltr'>sibi</span> 
     </span>
     <span class='ocr_line' id='line_1_36' title="bbox 58 3177 1087 3254; baseline 0.002 -19"><span class='ocrx_word' id='word_1_292' title='bbox 58 3191 128 3236; x_wconf 92' lang='lat' dir='ltr'>eum</span> <span class='ocrx_word' id='word_1_293' title='bbox 140 3193 239 3251; x_wconf 86' lang='lat' dir='ltr'>nuper</span> <span class='ocrx_word' id='word_1_294' title='bbox 248 3177 343 3239; x_wconf 90' lang='lat' dir='ltr'>edidit</span> <span class='ocrx_word' id='word_1_295' title='bbox 354 3177 486 3253; x_wconf 87' lang='lat' dir='ltr'>socium,</span> <span class='ocrx_word' id='word_1_296' title='bbox 503 3196 607 3254; x_wconf 89' lang='lat' dir='ltr'>quem,</span> <span class='ocrx_word' id='word_1_297' title='bbox 622 3178 787 3253; x_wconf 88' lang='lat' dir='ltr'>quomodo</span> <span class='ocrx_word' id='word_1_298' title='bbox 802 3193 883 3238; x_wconf 90' lang='lat' dir='ltr'>nunc</span> <span class='ocrx_word' id='word_1_299' title='bbox 894 3177 1034 3251; x_wconf 83' lang='lat' dir='ltr'>intendit,</span> <span class='ocrx_word' id='word_1_300' title='bbox 1047 3192 1087 3237; x_wconf 87' lang='lat' dir='ltr'>nc</span> 
     </span>
     <span class='ocr_line' id='line_1_37' title="bbox 58 3256 1095 3335; baseline 0 -19"><span class='ocrx_word' id='word_1_301' title='bbox 58 3256 89 3318; x_wconf 90' lang='lat' dir='ltr'>in</span> <span class='ocrx_word' id='word_1_302' title='bbox 116 3259 255 3321; x_wconf 91' lang='lat' dir='ltr'>vivorum</span> <span class='ocrx_word' id='word_1_303' title='bbox 284 3262 405 3335; x_wconf 86' lang='lat' dir='ltr'>quidem</span> <span class='ocrx_word' id='word_1_304' title='bbox 431 3278 556 3323; x_wconf 89' lang='lat' dir='ltr'>numero</span> <span class='ocrx_word' id='word_1_305' title='bbox 580 3270 644 3322; x_wconf 85' lang='lat' dir='ltr'>tum</span> <span class='ocrx_word' id='word_1_306' title='bbox 666 3262 854 3322; x_wconf 88' lang='lat' dir='ltr'>demonstrat</span> <span class='ocrx_word' id='word_1_307' title='bbox 874 3261 985 3322; x_wconf 76' lang='lat' dir='ltr'>luisse.</span> <span class='ocrx_word' id='word_1_308' title='bbox 1011 3263 1095 3317; x_wconf 77' lang='lat' dir='ltr'>&#39;lum</span> 
     </span>
     <span class='ocr_line' id='line_1_38' title="bbox 57 3334 1121 3422; baseline -0.013 -23"><span class='ocrx_word' id='word_1_309' title='bbox 57 3338 139 3403; x_wconf 88' lang='lat' dir='ltr'>illam</span> <span class='ocrx_word' id='word_1_310' title='bbox 158 3343 366 3407; x_wconf 81' lang='lat' dir='ltr'>incredibilem</span> <span class='ocrx_word' id='word_1_311' title='bbox 380 3344 568 3408; x_wconf 89' lang='lat' dir='ltr'>celeritatem</span> <span class='ocrx_word' id='word_1_312' title='bbox 588 3362 650 3408; x_wconf 88' lang='lat' dir='ltr'>seu</span> <span class='ocrx_word' id='word_1_313' title='bbox 660 3344 774 3422; x_wconf 77' lang='lat' dir='ltr'>ponus</span> <span class='ocrx_word' id='word_1_314' title='bbox 784 3341 962 3403; x_wconf 64' lang='lat' dir='ltr'>audactam</span> <span class='ocrx_word' id='word_1_315' title='bbox 976 3334 1121 3405; x_wconf 49' lang='lat' dir='ltr'>passm·-</span> 
     </span>
     <span class='ocr_line' id='line_1_39' title="bbox 53 3408 1153 3498; baseline -0.03 -17"><span class='ocrx_word' id='word_1_316' title='bbox 53 3426 230 3491; x_wconf 80' lang='lat' dir='ltr'>conllrmavi</span> <span class='ocrx_word' id='word_1_317' title='bbox 246 3445 386 3494; x_wconf 89' lang='lat' dir='ltr'>neccsse</span> <span class='ocrx_word' id='word_1_318' title='bbox 406 3447 483 3496; x_wconf 86' lang='lat' dir='ltr'>esse</span> <span class='ocrx_word' id='word_1_319' title='bbox 504 3443 561 3498; x_wconf 89' lang='lat' dir='ltr'>aut</span> <span class='ocrx_word' id='word_1_320' title='bbox 576 3432 686 3497; x_wconf 80' lang='lat' dir='ltr'>biduo</span> <span class='ocrx_word' id='word_1_321' title='bbox 702 3423 875 3492; x_wconf 73' lang='lat' dir='ltr'>ocenixixa</span> <span class='ocrx_word' id='word_1_322' title='bbox 886 3423 1060 3494; x_wconf 60' lang='lat' dir='ltr'>passuum</span> <span class='ocrx_word' id='word_1_323' title='bbox 1067 3408 1153 3452; x_wconf 55' lang='lat' dir='ltr'>esse</span> 
     </span>
    </p>
   </div>
   <div class='ocr_carea' id='block_1_3' title="bbox 0 0 1190 3780">
    <p class='ocr_par' dir='ltr' id='par_1_5' title="bbox 0 0 1190 3780">
     <span class='ocr_line' id='line_1_40' title="bbox 0 0 1190 3780; baseline 0 0"><span class='ocrx_word' id='word_1_324' title='bbox 0 0 1190 3780; x_wconf 95' lang='lat' dir='ltr'> </span> 
     </span>
    </p>
   </div>
  </div>
 </body>
</html>
