2370 3780
263 465 308 552 ll.
331 462 465 546 101111
488 460 698 546 titinnius

74 622 195 706 Pul
237 624 272 716 0.
315 618 557 706 utstlo
600 614 902 702 cuntant

351 773 610 871 annulo.

283 1118 681 1190 ARGUMENTUM.

42 1256 69 1306 0.
85 1256 192 1306 Fannius
211 1255 322 1307 Chaerea
337 1258 366 1317 Q.
386 1259 477 1309 Roscio
493 1257 613 1308 comoedo
636 1255 780 1320 Panurgum
800 1262 899 1300 servum
916 1261 991 1296 suum

34 1326 107 1376 ,derat
121 1322 169 1375 hau
182 1324 254 1392 lege,
270 1334 313 1386 ut,
335 1329 357 1376 si
371 1327 441 1378 illum
457 1335 510 1377 arte
524 1326 669 1375 histrionice
689 1322 851 1379 emdlvisset,
871 1323 991 1380 quaestus

34 1396 110 1444 nuuie
125 1402 199 1444 esset
234 1395 369 1456 Aliquanto
383 1404 441 1462 post
456 1396 485 1455 Q.
501 1395 602 1445 Flavius
617 1391 806 1457 Tarquiniensis
820 1387 923 1451 qnidam
937 1398 991 1435 ser-

46 1478 202 1516 communem
224 1466 273 1513 iam
292 1467 416 1517 eruditum
437 1480 467 1516 ac
487 1465 626 1530 perfectum
640 1461 741 1516 oceidit,
775 1459 804 1519 Q.
827 1456 939 1506 Flavium
960 1452 989 1512 Q.

34 1535 77 1584 ius
92 1533 185 1582 iudicio
200 1535 316 1596 persequi
332 1550 410 1597 quum
424 1534 512 1594 vellet,
534 1533 686 1599 cognitorem
701 1531 728 1579 iu
743 1544 799 1579 eam
813 1540 866 1576 rem
883 1521 909 1572 0.
926 1523 991 1572 Fan·

34 1619 41 1652 1
57 1602 135 1653 dedit.
171 1601 226 1650 Lite
241 1611 394 1665 contestata,
416 1605 508 1654 iudicio
524 1602 609 1652 damni
622 1601 715 1650 iniuria
732 1615 748 1649 a
762 1596 848 1647 Flavio
864 1592 991 1665 1111111111-

35 1680 70 1731 to,
86 1669 181 1720 decidit
197 1686 253 1720 curn
269 1671 354 1721 Flavio
369 1673 489 1733 Roscius,
506 1681 533 1720 ut
549 1673 605 1737 ipse
622 1670 719 1728 aiebat,
740 1682 785 1733 pro
802 1680 850 1716 sua
863 1668 948 1728 parte,
962 1667 992 1710 nt

35 1741 90 1800 ius,
106 1747 220 1804 prototo
237 1742 369 1790 societate:
391 1742 496 1792 fundum
511 1741 623 1806 accepit,
647 1752 697 1788 non
711 1737 852 1802 pecuniam.
887 1730 992 1793 Aliquot

35 1826 44 1859 s
62 1817 120 1874 post
136 1809 246 1858 Fannius
265 1809 384 1859 Roscium
404 1811 489 1876 adegit
510 1811 644 1869 arbitrum,
666 1807 723 1869 qui,
745 1816 866 1867 quantum
887 1799 992 1863 aequius

35 1894 77 1939 us,
93 1878 214 1928 Roscium
228 1880 329 1943 petitori
343 1879 437 1930 Fannio
454 1883 514 1929 dare
525 1879 630 1929 iuberet.
664 1876 764 1925 Arbiter
779 1873 828 1923 luit
843 1871 926 1929 idem,
948 1868 991 1931 qni

35 1963 61 1997 sc
76 1961 152 1996 carisa
169 1948 245 1997 iudex
257 1956 309 2007 est,
326 1947 353 1997 0.
371 1947 519 2014 Calpurnius
534 1949 602 1997 Piso.
637 1946 661 1995 Is
682 1944 713 1994 de
729 1959 755 1994 re
772 1940 920 1992 seutentiam
941 1946 992 1986 nou

36 2052 43 2075 ‚
59 2016 105 2065 sed
120 2016 238 2065 Roscium
254 2019 366 2081 rogavit,
381 2025 408 2066 ut
422 2017 516 2066 Fannio
531 2032 577 2081 pro
595 2014 695 2075 labore,
716 2010 785 2075 quod
799 2009 911 2075 cognitor
927 2003 992 2055 fuis-

50 2083 118 2148 quod
141 2085 283 2135 vadimonia
305 2087 413 2145 obisset,
437 2084 477 2134 HS
496 2082 582 2134 00100
602 2083 684 2141 daret,
706 2083 742 2131 ita
765 2087 864 2137 tamen,
882 2084 910 2126 ut
927 2074 991 2123 Fan·
1046 2120 1048 2125 .

48 2151 250 2216 restipularetur,
276 2155 298 2202 si
323 2155 384 2216 quid
407 2156 534 2220 exegisset
557 2167 573 2200 a
594 2150 695 2216 Flavio,
718 2155 815 2215 partem
838 2146 893 2196 eius
917 2143 991 2193 dimi-

36 2242 41 2271 1
57 2237 85 2272 se
102 2220 195 2272 Roscio
213 2223 338 2272 daturum.
366 2222 508 2288 Spopondit
524 2224 559 2271 ita
575 2234 603 2270 se
623 2220 746 2270 iacturum
755 2216 873 2268 Fannius.
894 2212 991 2263 Deinde

36 2293 60 2341 io
78 2290 148 2340 litem
165 2292 278 2341 intendit.
317 2292 396 2342 ludex
412 2293 460 2342 luit
477 2291 504 2342 0.
523 2290 635 2340 Cluvius.
669 2289 706 2339 De
726 2289 780 2339 eius
795 2284 919 2336 sententia
935 2280 990 2331 Fla-

36 2377 41 2410 1
59 2358 98 2408 HS
116 2357 242 2411 0001000
257 2362 366 2426 Panurgi
386 2362 485 2411 nomine
499 2359 593 2409 Fannio
608 2357 754 2408 dissolvisse
770 2354 800 2424 Q.
810 2353 916 2403 Roscius
931 2364 991 2401 con·

36 2430 60 2478 it.
89 2426 165 2477 Cuius
180 2431 301 2494 pecuniae
317 2443 377 2494 pars
393 2430 497 2480 dimidia
510 2443 586 2491 qunm
602 2443 633 2476 ex
642 2425 828 2491 restipulatione
840 2421 932 2472 Roscio
948 2418 991 2467 de·

36 2507 87 2556 tur,
108 2504 192 2545 tamen
211 2508 308 2548 tanturn
326 2498 390 2547 aluit
412 2507 440 2548 ut
462 2499 486 2547 ei
504 2497 641 2560 quidquam
658 2495 768 2545 Fannius
786 2492 870 2550 daret,
889 2499 916 2538 ut
933 2501 991 2537 eum

36 2566 144 2616 odicium
161 2578 274 2626 vocaret,
294 2576 422 2628 tamquam
437 2581 483 2616 sua
496 2574 567 2632 parte
584 2566 610 2614 in
624 2573 707 2615 vetere
722 2563 766 2612 illa
780 2561 906 2613 decisione
924 2556 992 2606 linu-

36 2651 56 2684 s.
93 2634 248 2701 aestimabat
266 2639 332 2685 enim
351 2636 471 2695 fundum,
498 2650 573 2698 quem
591 2650 607 2683 a
622 2633 707 2683 Flavio
725 2631 832 2682 Roscius
854 2634 992 2692 acceperat,

37 2702 169 2754 100100οε
190 2705 248 2755 inde
266 2705 367 2769 petebat
384 2703 423 2754 HS
432 2706 516 2763 1000,
532 2703 605 2766 quasi
619 2703 724 2752 Roscius
741 2716 786 2765 pro
801 2698 929 2760 sodetate,
941 2707 992 2744 uon

37 2781 168 2823 retentum
185 2772 327 2822 decidisset,
348 2775 373 2820 ln
392 2789 440 2835 quo
459 2773 539 2822 omnis
558 2786 633 2820 causa
650 2781 772 2822 versatur.
807 2768 900 2830 Magna
907 2773 991 2814 autem

38 2843 93 2892 onis
108 2855 168 2906 pars
187 2841 279 2891 amissa
297 2851 344 2890 est.

370 2935 467 2996 Multa
481 2936 592 2995 desunt.

53 3031 121 3093 1.1.
148 3031 192 3073 **
213 3031 354 3093 malitiam
380 3040 520 3106 naturae,
542 3034 723 3094 crederetur.
757 3033 788 3093 ls
808 3031 925 3093 seilicet
945 3031 991 3091 vir

39 3134 105 3177 mus
120 3126 150 3178 et
163 3115 307 3191 singulari
321 3119 382 3178 fide
397 3117 552 3192 praeditus
566 3116 596 3176 in
612 3134 668 3178 suo
681 3115 792 3176 iudicio
805 3115 914 3177 tabulis
925 3114 990 3176 suis

38 3202 101 3261 ibus
119 3200 161 3260 uli
178 3209 313 3261 conatur.
346 3200 451 3262 Solent
465 3200 650 3272 foradinem,
667 3199 720 3275 qui
735 3217 789 3274 qer
803 3199 992 3260 lancinatis—

38 3303 135 3346 es..0.
162 3286 210 3346 citi
230 3285 395 3362 pecuniam
416 3301 592 3364 expensam
609 3287 767 3346 tutemus.
784 3281 911 3347 mne
924 3271 1032 3350 Q*

38 3386 60 3428 ⁷¹
82 3387 284 3448 eorrumpere
306 3373 414 3450 potui,
434 3384 475 3438 ut
487 3388 566 3437 mea
579 3385 689 3433 cansa
701 3367 832 3424 imaum
840 3355 887 3408 'm
905 3342 1064 3398 sennem
