2370 3780
352 200 434 261 CAP.
451 207 582 261 13—15.
604 204 629 265 ἕ.
645 207 777 261 43-49.
1043 197 1082 260 13

55 355 267 417 condicionem
278 350 495 426 aequissimam
505 350 651 425 repudiet,
661 352 789 410 latemur
801 366 902 410 senon
912 350 1082 424 pecuniam,

56 441 112 499 sed
138 439 278 499 vitamet
301 433 481 509 sanguinem
508 444 624 508 petere:
651 434 677 493 is
704 451 764 494 non
792 435 851 493 hoc
872 435 973 509 palam
994 434 1080 494 dicit:

17 531 23 546 “
54 522 128 582 Mihi
144 522 170 582 si
183 521 256 598 quid
268 521 443 589 deberetur,
460 527 608 592 peterem,
624 527 715 592 atque
728 519 805 577 adeo
822 517 1000 592 iampridem
1012 518 1081 577 abs-

57 606 209 667 tulissem:
236 601 286 665 47.
314 600 387 660 nihil
407 601 466 661 hoc
488 610 567 661 tanto
590 602 736 675 negocio,
764 601 837 660 nihil
852 610 911 661 tam
927 601 1081 661 invidioso

55 688 184 762 iudicio,
207 687 282 748 nihil
304 694 364 745 tarn
377 685 577 745 advocatione
592 685 721 759 copiosa
736 694 852 758 uterer,
874 684 900 744 si
918 685 1083 759 petendum

56 780 154 833 esset=
176 770 419 844 extorquendum
440 776 487 828 est
508 768 602 829 invito
624 778 715 843 atque
738 769 879 842 ingratis:
908 769 991 842 quod
1021 785 1083 828 non

56 856 147 917 debet
158 854 348 928 eripiendum
363 862 455 926 atriae
470 852 701 927 exprimendum
714 860 774 912 est:
792 854 831 911 de
847 852 974 912 fortunis
987 852 1082 912 omni-

54 934 113 1000 bus
128 939 160 998 P.
176 935 331 1010 Quinctius
349 937 555 996 deturbandus
570 945 635 996 est:
651 935 946 1010 potentes,Qliserti,
962 935 1082 995 nobiles

55 1036 164 1085 ornnes
185 1020 355 1081 advocandi
381 1029 464 1080 sunt:
490 1019 664 1079 adhibenda
683 1020 730 1079 vis
752 1028 800 1079 est
824 1020 956 1080 veritati:
982 1018 1082 1078 minae

54 1106 219 1178 iactentur,
242 1102 376 1178 pericula
391 1103 599 1175 intendantur,
621 1102 798 1163 formidines
821 1112 1029 1178 opponantur,
1051 1113 1084 1162 ut

54 1189 93 1249 iis
105 1189 199 1249 rebus
214 1187 376 1263 aliquando
391 1186 490 1247 victus
503 1196 533 1248 et
546 1187 722 1261 perterritus
736 1187 803 1262 ipsc
819 1203 853 1246 se
868 1188 981 1247 dedat?
999 1187 1082 1260 Quae

56 1272 230 1332 mehercule
246 1271 359 1344 omnia,
376 1289 469 1346 quum
482 1270 534 1345 qui
549 1281 654 1331 contra
671 1279 807 1345 pugnent
823 1270 928 1343 video,
946 1280 975 1331 et
990 1288 1083 1344 quum

55 1357 142 1416 illum
160 1366 341 1416 consessum
357 1355 536 1427 considero,
552 1356 664 1415 adesse
679 1364 771 1429 atque
786 1355 962 1428 impendere
976 1355 1082 1413 viden-

55 1450 224 1515 tarneque
246 1439 333 1517 uitari
355 1440 417 1498 ullo
439 1440 531 1499 modo
553 1438 661 1514 posse'
699 1438 796 1511 Quum
810 1446 909 1498 autern
925 1439 964 1495 ad
982 1447 1027 1508 te,
1050 1439 1082 1496 C.

55 1520 176 1598 Aquili,
197 1525 304 1584 oculos
324 1523 519 1596 animumque
542 1522 658 1594 rettuli,
680 1540 741 1597 quo
757 1523 870 1582 maiore
887 1530 998 1581 conatu
1020 1529 1082 1580 stu-

56 1607 171 1681 dioque
192 1616 336 1682 aguntur,
365 1623 401 1666 eo
429 1605 546 1665 leviora
566 1605 793 1681 infirmioraque
815 1604 966 1664 existimo.
1004 1604 1083 1664 Nihil

57 1690 146 1765 igitur
163 1690 281 1761 debuit,
296 1699 329 1751 ut
344 1698 375 1751 tu
390 1689 459 1764 ipse
476 1689 646 1764 praedicas.

139 1771 190 1834 48.
213 1774 307 1847 Quid,
330 1774 356 1833 si
371 1773 543 1847 debuisset,
558 1773 742 1834 continuone
760 1790 854 1833 causa
872 1772 981 1833 suisset
996 1789 1082 1832 cura

56 1866 198 1933 praetore
215 1859 389 1933 postulares
404 1866 437 1916 ut
453 1857 534 1916 bona
550 1857 749 1932 possideres?
767 1859 833 1917 Non
849 1857 959 1931 opinor
974 1856 1003 1914 id
1017 1857 1081 1930 qui-

57 1943 127 2002 dem
150 1959 251 2016 neque
275 1940 323 2001 ius
344 1957 415 2001 esse
437 1956 536 2016 neque
554 1942 695 2015 cuiquam
711 1941 865 2015 expcdhe.
901 1941 978 2014 Quid
993 1941 1083 2014 igitur

57 2027 266 2086 demonstrat?
289 2023 503 2084 Vadimonium
518 2025 576 2085 sibi
589 2027 630 2086 ait
645 2041 715 2084 csse
731 2026 893 2084 desertum.
922 2026 986 2083 XV.
1002 2029 1082 2083 Ante

58 2124 150 2182 quam
168 2109 265 2168 doceo
289 2109 320 2168 id
345 2111 456 2168 lactum
474 2125 533 2169 non
551 2125 636 2181 esse,
658 2107 731 2168 libet
745 2109 831 2180 mihi,
855 2107 1017 2191 Ouaquili,
1044 2125 1083 2166 ea

58 2189 153 2250 olhcii
172 2192 288 2253 ratione
312 2201 404 2266 alque
425 2209 463 2250 ex
478 2193 610 2253 omnium
626 2193 846 2252 consuetudine
861 2209 925 2251 rein
941 2191 1038 2265 ipsam
1054 2199 1083 2249 et

59 2275 172 2335 lactum
185 2276 272 2335 simul
288 2277 360 2336 Sex.
376 2275 480 2335 Naevii
496 2277 701 2336 considerare.
734 2277 784 2336 Ad
799 2275 1005 2335 vadimonium
1020 2292 1081 2334 non

58 2365 199 2430 venerat,
220 2370 252 2420 ut
267 2359 327 2430 aiS,
350 2360 393 2431 is,
417 2359 538 2435 quicum
556 2360 608 2420 tihi
630 2359 785 2431 adfinitas,
807 2361 953 2430 societas,
975 2374 1081 2419 omnes

59 2442 193 2516 denique
204 2458 315 2504 causac
331 2452 360 2503 et
375 2443 618 2503 necessitudines
633 2452 752 2504 veteres
767 2443 1008 2502 intercedebant:
1026 2441 1081 2500 illi·

60 2541 138 2586 corre
158 2525 197 2582 ad
215 2536 385 2599 praetorem
401 2528 444 2587 ire
459 2527 622 2587 convenit?
636 2527 820 2588 continuone
835 2543 940 2585 verum
957 2526 1012 2586 luit
1027 2541 1081 2598 po·

60 2610 173 2668 stulare
184 2615 217 2667 ut
228 2624 266 2667 ex
278 2610 377 2670 edicto
395 2611 476 2670 bona
492 2611 651 2684 possidere
668 2612 791 2670 liceret?
806 2610 932 2670 adhaec
948 2618 1083 2669 extrema

60 2701 90 2752 et
105 2689 312 2752 inimicissima
331 2693 398 2752 iura
420 2703 480 2753 tam
498 2693 608 2768 cupide
624 2694 822 2766 decurrebas,
843 2701 876 2753 ut
893 2693 946 2754 tibi
964 2692 1036 2751 nihil
1051 2692 1081 2751 in

61 2783 219 2848 posterum
233 2778 314 2849 quod
330 2777 453 2850 gravius
469 2786 521 2837 aut
537 2778 689 2838 crudelius
704 2780 805 2837 lacere
819 2794 931 2851 posses
943 2792 1081 2836 reserva-

60 2865 132 2917 resl
168 2857 218 2918 49.
240 2859 313 2918 Nam
332 2859 404 2934 quid
418 2860 532 2920 homini
546 2869 648 2935 potest
664 2861 797 2936 turpiuS,
821 2860 893 2935 quid
910 2860 974 2920 viro
992 2860 1081 2919 inise-

60 2940 125 3000 rius
140 2947 191 3000 aut
204 2941 344 3004 acerbius
359 2944 559 3004 usuvenire?
574 2947 657 3020 quod
672 2954 786 3005 tantum
798 2943 920 3004 evenire
935 2944 1080 3013 dedecus

62 3041 142 3099 quae
162 3033 244 3085 tanta
266 3027 418 3087 calamitas
436 3027 565 3086 inveniri
580 3037 703 3102 potesta
729 3027 891 3088 Pecuniam
907 3027 1037 3102 cuipiam
1055 3026 1081 3086 si

62 3109 181 3168 fortuna
188 3108 300 3168 ademit
310 3117 361 3170 aut
374 3111 400 3170 si
411 3111 538 3171 alicuius
551 3111 660 3186 eripuit
673 3111 796 3184 iniuria,
808 3122 921 3183 tamen,
934 3112 1006 3171 dum
1018 3112 1080 3170 exi-

63 3191 193 3252 stimatio
215 3200 262 3252 est
281 3192 410 3268 integra,
431 3195 519 3254 lacile
541 3195 715 3254 consolatur
735 3196 881 3255 honestas
905 3204 1080 3269 egestatem.

61 3277 101 3334 At
115 3293 176 3335 non
191 3293 279 3336 nemo
296 3284 346 3336 aut
359 3276 522 3352 ignominia
532 3278 669 3337 adlectus
684 3287 735 3338 aut
749 3277 860 3339 iudicio
876 3280 955 3353 turpi
978 3276 1080 3338 convi-

63 3367 129 3420 ctus
146 3360 234 3421 bonis
251 3359 373 3435 quidem
388 3362 451 3422 suis
467 3362 572 3433 utitur,
588 3361 711 3423 alterius
725 3379 818 3436 opes,
835 3363 867 3422 id
880 3364 964 3437 quod
977 3360 1081 3420 miser-

62 3441 170 3506 rimum
184 3454 246 3520 est,
262 3461 322 3506 nou
335 3455 508 3522 exspectat,
523 3446 582 3508 hoc
599 3452 702 3508 hanaen
717 3445 752 3507 in
761 3446 901 3507 miseriis
911 3445 1098 3501 eumenem
