2370 3780
372 178 599 242 cara-a.
621 183 817 249 saa-ca,
918 210 921 215 >
1049 179 1092 275 aa

70 331 157 402 navi,
181 338 251 391 tuus
266 327 362 390 cliens
382 337 413 390 et
435 328 598 390 familiaris.
640 330 718 404 Quid
739 329 857 392 attinuit
879 347 948 392 eum
970 329 1092 407 potissi·

71 432 153 475 mum
167 413 320 485 nunciare,
336 413 434 489 quod,
451 412 477 472 si
489 414 602 474 nntium
613 413 672 475 iarn
683 422 753 475 ante
765 414 924 477 consitium
941 415 981 476 de
996 426 1093 479 morte

70 515 108 558 ae
122 498 161 557 de
175 496 264 558 bonis
281 497 348 557 eius
362 496 475 556 inieras
492 497 666 572 nullamque
682 497 858 559 socletatem
879 514 980 576 neque
996 500 1091 560 scele-

68 582 112 642 ris
128 597 229 662 neque
243 577 370 654 praemii
386 595 455 639 cum
473 579 594 641 homine
616 582 678 642 ulio
700 581 832 654 coieras,
859 583 898 642 ad
917 591 948 644 te
970 581 1092 644 minime

68 664 204 726 omnium
228 662 420 739 pertinebatt
458 663 521 724 Sua
543 673 653 740 sponte
676 665 796 727 Mattius
824 665 956 727 nunciat.
998 665 1091 740 Quid,

69 763 201 824 quaeso,
224 747 291 807 eius
311 746 473 808 intererat?
511 749 578 818 An,
599 766 692 824 quum
711 748 864 808 Ameriam
882 766 943 809 non
964 749 1092 809 huiusce

67 831 111 892 rei
126 847 221 893 causa
235 829 388 904 venisset,
403 846 477 891 casu
490 831 602 892 accidit
615 842 647 893 ut
661 832 702 906 id,
717 833 802 908 quod
815 833 931 893 Romae
945 832 1092 907 audierat,

66 916 191 992 primus'
201 912 380 974 nunciaret?
412 914 503 975 Cuius
518 914 563 975 rei
587 931 682 978 causa
700 924 824 977 venerat
836 915 1010 976 Ameriam?
1022 916 1091 976 Non

65 1015 211 1076 possum,
237 996 349 1072 inquit,
372 997 517 1058 divinare.
556 998 601 1059 Eo
621 996 684 1060 r'em
700 999 759 1060 iam
773 1000 937 1073 adducam,
964 1007 998 1060 ut
1017 999 1092 1060 nihil

65 1081 253 1144 divinatione
268 1097 346 1157 opus
361 1080 409 1142 sit.
441 1081 507 1156 Qua
526 1080 644 1143 ratione
664 1083 778 1145 Roscio
802 1083 940 1159 Capitoni
961 1082 1091 1159 primum

65 1164 244 1226 nunciavit?
278 1165 375 1239 Quum
388 1165 529 1225 Ameriae
543 1165 615 1226 Sex.
629 1166 735 1227 Roscii
751 1168 875 1242 domus,
896 1184 976 1228 uxor
989 1165 1090 1227 tiberi·

66 1266 128 1325 que
142 1257 263 1322 essent,
278 1265 371 1325 quum
388 1256 432 1310 tot
453 1249 621 1324 propinqui
642 1251 826 1326 cognatique
847 1250 960 1327 optime
977 1266 1089 1312 conve·

65 1334 200 1407 nientes,
216 1350 278 1408 qua
290 1332 409 1394 ratione
426 1333 536 1394 iactum
551 1341 598 1394 est
611 1342 645 1394 ut
664 1333 722 1394 iste
735 1342 806 1395 tuus
829 1335 940 1407 cliens,
962 1336 1089 1395 sceleris

64 1416 107 1478 tui
141 1418 300 1491 nuncius,¹
321 1417 353 1476 Τ.
380 1415 495 1477 Roscio
530 1416 668 1492 Capitoni
701 1417 893 1493 potissimum
921 1417 1089 1478 nunciaret.

63 1497 114 1562 97.
150 1499 277 1562 Occisus
292 1506 340 1561 est
353 1517 373 1560 a
386 1500 627 1562 coenarediens.
672 1502 812 1563 Nondum
836 1501 970 1573 lucebat,
995 1518 1089 1576 quum

64 1583 205 1645 Ameriae
220 1585 330 1646 scitum
344 1591 401 1645 est
433 1584 511 1658 Quid
526 1584 574 1644 hic
585 1583 773 1646 incredibilis
787 1600 913 1660 cursus,
925 1583 999 1659 quid
1011 1585 1087 1645 haec

62 1675 144 1729 tanta
170 1668 311 1729 celeritas
336 1667 551 1743 festinatioque
576 1666 748 1744 significatt
787 1668 855 1728 Non
880 1683 994 1743 quaero
1017 1664 1088 1743 quis

57 1751 259 1837 percusserit
297 1749 375 1810 Nihil
391 1757 453 1823 est,
476 1750 617 1824 Glaucia,
633 1753 718 1826 quod
732 1759 865 1813 metuas:
888 1769 949 1812 non
964 1749 1087 1812 excutio

61 1845 106 1908 te,
122 1835 238 1912 siquid
255 1835 333 1895 torte
348 1833 419 1894 terri
437 1834 584 1909 habuisti,
606 1851 666 1896 non
675 1843 815 1909 scrutor,
831 1835 905 1896 nihii
920 1835 961 1896 ad
977 1851 1026 1896 me
1038 1851 1086 1895 ar-

60 1917 156 1981 bitror
169 1917 333 1994 pertinere.
366 1917 513 2002 Quoniam
525 1919 611 1980 cuius
626 1918 755 1980 consitio
768 1908 890 1979 occisus
902 1918 941 1979 sit
954 1917 1086 1990 invenio,

63 1999 151 2062 cuius
176 2018 268 2063 manu
292 2002 332 2063 sit
357 2017 526 2078 percussus
551 2018 612 2063 non
633 2003 750 2063 laboro.
781 2001 880 2062 Unum
901 2001 961 2063 hoc
982 2018 1087 2074 sumo,
1145 2028 1151 2043 ι

63 2085 148 2160 quod
158 2085 231 2144 mihi
244 2094 385 2161 apertum
400 2094 484 2147 tuum
498 2087 601 2146 scetus
616 2101 730 2160 resque
749 2084 910 2146 manifesta
930 2085 992 2146 dat.
1027 2082 1087 2145 Ubi

61 2176 114 2230 aut
127 2170 209 2230 unde
227 2167 342 2231 audivit
356 2169 502 2230 Glaucia?
535 2168 591 2243 Qui
602 2178 662 2230 tam
677 2168 735 2229 cito
751 2167 861 2228 scivit?
885 2167 946 2228 Fac
960 2165 1087 2228 audisse

61 2250 174 2320 statim.
212 2252 295 2326 Quae
309 2269 359 2313 res
375 2269 444 2314 curn
461 2261 551 2314 nocte
565 2270 626 2313 una
640 2260 755 2315 tantum
768 2251 884 2313 itineris
899 2250 1087 2313 contendere

61 2334 184 2411 coegit?
208 2350 287 2413 quae
312 2336 483 2398 necessitas
508 2350 577 2396 eum
600 2343 684 2397 tanta
708 2335 878 2411 premebat,
902 2343 950 2409 ut,
976 2333 1003 2396 si
1029 2348 1087 2394 sua

62 2427 174 2493 sponte
189 2418 246 2480 iter
255 2418 408 2480 Ameriam
422 2422 544 2493 taceret,
556 2417 588 2479 id
601 2419 749 2494 temporis
763 2419 860 2479 Romu
873 2418 1086 2492 proficiscere·

61 2508 126 2575 tur,
146 2504 257 2561 nuttam
272 2511 387 2576 partem
407 2504 505 2566 noctis
524 2502 753 2576 requiescerent
792 2501 911 2562 XXXV.
947 2501 1086 2563 Etiamne

60 2582 93 2645 in
107 2593 168 2646 tam
182 2584 355 2661 perspicuis
369 2587 463 2647 rebus
475 2585 694 2661 argumentatio
715 2587 890 2660 quaerenda
909 2594 961 2648 aut
982 2581 1085 2645 conie-

61 2676 148 2729 cture
162 2667 312 2744 capienda
323 2677 394 2729 estt
425 2669 475 2732 99
510 2670 619 2731 Nonae
630 2669 721 2732 vobis
738 2670 829 2743 haec,
851 2665 1083 2744 quaeaudistis,

60 2766 187 2814 cernere
203 2751 300 2812 ocutis
313 2751 472 2828 videmini,
494 2752 635 2814 iudicest
648 2771 709 2815 non
722 2754 804 2813 itturn
822 2752 980 2823 miserum,
998 2749 1083 2826 igna-

60 2850 128 2896 rum
143 2853 235 2896 casus
251 2833 314 2907 sui,
329 2837 506 2901 redeuntem
520 2853 539 2896 a
554 2835 798 2898 coenavidetist
818 2852 879 2897 non
901 2834 1019 2912 positas
1037 2835 1082 2895 in·

60 2918 177 2981 sidiast
197 2936 258 2980 nou
273 2918 417 2993 impetum
431 2918 645 2995 reponunumr
661 2938 722 2981 non
735 2927 876 2981 versatur
889 2925 959 2979 ante
974 2919 1082 2980 oculos

61 3002 149 3064 vobis
167 3002 197 3064 in
214 3002 309 3063 caede
324 3001 469 3063 Glauciat
485 3020 547 3064 non
561 3004 650 3065 adest
663 3004 720 3065 iste
735 3004 767 3062 T.
776 3001 929 3064 Roscius?
943 3018 1004 3063 non
1016 2999 1083 3063 suis

58 3086 198 3149 manibus
214 3087 245 3146 in
261 3102 351 3146 curru
367 3087 496 3148 collocat
509 3089 765 3149 Automedontem
780 3086 879 3159 iilum,
893 3084 941 3146 sui
955 3083 1082 3147 sceleris

58 3168 249 3232 acerbissimi
261 3169 456 3245 nefariaeque
469 3170 615 3231 victoriae
632 3170 796 3232 nuncium?
809 3185 870 3229 non
885 3176 951 3232 orat
965 3178 998 3231 ut
1013 3184 1081 3231 eam

59 3263 179 3316 noctem
193 3252 375 3328 pervigilem
387 3261 421 3314 ut
435 3253 561 3315 honoris
576 3253 624 3315 sui
638 3270 733 3315 causa
746 3254 884 3315 laboret?
898 3260 930 3314 ut
941 3250 1079 3328 Capitoni

61 3337 294 3412 quamprimum
310 3337 453 3400 nunciett
483 3337 535 3400 99.
557 3330 1098 3421 uniuersiquuuesqumemtx:
1129 3393 1133 3397 ,

49 3433 131 3480 mum
148 3420 231 3482 scr're
250 3423 404 3488 notuerit?
426 3419 561 3491 Ne'sc'tut
582 3423 650 3488 nisi
664 3423 735 3486 buc
747 3408 1138 3488 u'tbeo,Utubffiffixxx
