2370 3780
100 191 141 257 74
274 195 347 256 Ptto
370 196 403 268 O.
424 193 561 255 ROSCIO
581 193 761 254 COMOEDO
784 193 933 256 ORATIO.

100 343 189 406 cunia
209 344 262 406 tibi
283 346 449 407 debebatur
469 355 567 419 certa,
592 363 670 422 quae
686 363 765 406 nune
785 345 894 421 petitur
908 363 964 421 per
978 344 1118 415 iudicem,

99 429 128 488 in
147 447 207 506 qua
224 429 373 505 legitimae
388 431 483 507 partis
504 431 630 505 sponsio
649 431 728 490 lacta
744 438 800 490 est.
828 429 883 489 Hie
897 438 929 491 tu
946 429 973 490 si
988 429 1119 504 amplius

97 512 148 574 HS
165 531 256 574 numo
274 514 390 588 petisti,
409 532 499 590 quam
516 513 565 574 tibi
582 515 714 575 debitum
730 522 791 586 est,
813 530 935 573 oausam
949 509 1119 588 perdidisti,

97 606 262 674 propterea
278 599 361 672 quod
376 598 458 658 aliud
472 606 519 658 est
538 597 696 670 iudicium,
718 597 800 656 aliud
815 607 862 658 est
876 596 1041 657 arbitrium.
1073 597 1119 656 lu-

97 680 210 743 dicium
226 690 273 742 est
286 681 434 757 pecuniae
450 690 567 752 certae,
582 681 734 740 arbitrium
743 681 885 741 incertae.
914 681 962 740 Ad
976 679 1120 739 iudicium

97 764 157 825 hoc
172 766 263 825 modo
278 766 433 838 venimus,
448 773 481 825 ut
496 773 589 826 totam
604 764 686 824 litem
702 773 753 824 aut
764 764 954 825 obtineamus
969 772 1022 823 aut
1036 763 1120 823 anrit-

96 858 210 910 tamus:
231 850 269 909 ad
286 848 440 910 arbitrium
456 849 515 909 hoo
536 849 635 909 animo
657 847 792 920 adimus,
809 857 842 908 ut
858 864 957 923 neque
973 847 1047 907 nihil
1069 862 1120 906 ne-

97 950 158 1008 que
169 941 297 1005 tantum,
315 941 459 1008 quantum
471 932 707 1008 postulavimus
720 947 952 1006 consequamur.
976 929 1026 993 11.
1046 929 1119 990 Eius

97 1017 142 1076 rei
158 1016 227 1092 ipsa
238 1017 333 1076 verba
348 1018 494 1077 formulae
512 1015 683 1077 testimonio
696 1023 774 1076 sunt.
798 1015 875 1087 Ouid
888 1013 975 1076 estin
986 1012 1121 1074 iudiciol

96 1100 256 1173 directum,
275 1116 433 1175 asperum,
449 1100 592 1176 simplex=
609 1117 637 1159 s1
654 1116 749 1158 ranan
759 1099 809 1158 HS
821 1115 883 1160 mon
899 1100 973 1157 nini
989 1140 1119 1157 ......

94 1183 167 1256 Hic,
182 1183 241 1243 nisi
259 1184 381 1258 planum
396 1184 480 1259 lacit,
495 1183 545 1244 HS
560 1202 622 1246 mm
638 1184 675 1243 ad
694 1183 825 1244 libellam
840 1182 899 1242 sibi
914 1181 1034 1256 deberi,
1050 1196 1119 1241 cau-

97 1283 162 1327 sam
182 1267 291 1342 perdit.
320 1268 464 1343 Ouidest
483 1268 514 1328 in
535 1267 680 1330 arbitrio?
699 1266 786 1339 mite,
802 1266 1005 1326 moderatum:
1028 1281 1120 1334 ouan-

95 1365 154 1409 ruu
176 1367 442 1424 neamus-uanus,
463 1368 492 1411 m
509 1368 596 1410 unni.
624 1352 677 1410 Ille
695 1358 795 1411 tamen
816 1349 976 1411 confitetur
997 1350 1067 1426 plus
1085 1365 1119 1408 se

95 1442 200 1509 petere
213 1452 302 1510 quarn
317 1436 477 1509 debeatur,
493 1437 549 1495 sad
564 1435 637 1496 satis
654 1450 810 1510 superque
820 1434 933 1494 habere
948 1433 1021 1493 dicit
1037 1433 1120 1508 quod

96 1517 154 1578 sibi
171 1519 209 1579 ab
223 1518 346 1580 arbitrio
362 1520 517 1581 tribuatur.
545 1521 651 1594 ltaque
671 1520 746 1579 alter
762 1534 873 1579 causae
889 1516 1030 1590 conlidit,
1046 1517 1120 1576 alter

95 1602 214 1663 dillidit.
244 1602 296 1665 la·
315 1603 398 1677 Quae
417 1620 508 1678 quum
522 1601 564 1664 ita
579 1602 653 1675 sint,
677 1619 790 1678 quaero
808 1602 909 1662 abste
931 1599 1004 1675 quid
1026 1599 1068 1661 ita
1081 1601 1120 1660 de

94 1685 153 1745 hoo
163 1687 308 1762 pecunia,
325 1688 364 1746 de
379 1686 426 1747 his
442 1686 519 1761 ipsis
530 1685 580 1746 HS
596 1703 673 1758 mna,
690 1687 729 1745 de
743 1694 861 1745 tuarum
876 1686 1046 1745 tabularum
1059 1684 1119 1744 fide

95 1769 348 1844 compromissum
371 1769 496 1844 laceris,
523 1770 665 1835 arbitrum
688 1768 871 1844 sumpseris,
901 1776 1047 1842 quantum
1069 1783 1118 1827 ae-

15 1874 18 1878 ’
96 1851 186 1927 quius
207 1862 237 1913 et
253 1852 361 1914 melius
382 1853 434 1924 sit,
457 1852 757 1928 darireprornittive,
780 1852 806 1912 si
826 1859 965 1928 pareretl
993 1850 1067 1926 Quis
1089 1851 1118 1910 in

93 1936 261 1996 honorem
287 1936 342 1997 luit
367 1936 498 1996 arbiter?
532 1937 652 1998 Utinam
677 1937 703 1996 is
733 1936 856 2010 quidem
880 1937 995 1997 Romae
1021 1942 1117 1995 esset!

93 2021 210 2082 Romae
236 2029 291 2081 est.
334 2020 454 2081 Utinam
482 2021 606 2081 adesset
628 2019 658 2079 in
690 2019 817 2081 iudicio!
848 2021 954 2080 Adest.
998 2019 1119 2082 Utinam

95 2104 216 2164 sederet
245 2104 275 2163 in
307 2103 435 2166 oonsilio
458 2104 489 2164 C.
510 2104 646 2165 Pisonist
679 2104 750 2179 lpse
778 2103 809 2163 C.
829 2102 898 2163 Piso
926 2111 982 2163 est.
1027 2103 1118 2162 Eum-

94 2187 202 2247 demne
224 2195 257 2248 tu
280 2189 424 2249 arbitrum
448 2197 478 2248 et
496 2188 627 2249 iudicem
649 2188 812 2248 sumebas?
842 2186 941 2246 eidem
966 2195 996 2247 et
1019 2186 1117 2247 inlini-

92 2279 154 2331 tam
165 2269 353 2347 largitionem
367 2271 540 2332 remittebas
556 2280 587 2333 et
601 2273 739 2332 eumdem
757 2271 787 2331 in
802 2271 1046 2344 angustissimam
1058 2272 1118 2332 lor·

94 2355 207 2415 mulam
221 2355 399 2430 sponsionis
417 2356 645 2416 concludebas?
672 2355 745 2428 Quis
763 2372 905 2429 umquam
920 2355 960 2415 ad
974 2353 1118 2414 arbitrum

94 2445 240 2515 quantum
258 2438 344 2514 petiit
360 2448 474 2500 tantum
495 2439 639 2500 abstulit?
666 2440 771 2499 Nemo.
808 2439 957 2511 Quantum
973 2438 1053 2499 enim
1067 2454 1117 2498 ae·
1137 2484 1141 2491 .

94 2521 183 2597 quius
195 2531 278 2582 esset
291 2522 348 2583 sibi
363 2523 442 2597 dari,
460 2523 553 2598 petiit.
578 2525 627 2583 ¹De
645 2541 706 2598 quo
721 2523 843 2583 nomine
855 2523 894 2581 ad
908 2521 1050 2582 arbitrum
1064 2522 1116 2581 ad·

92 2605 158 2678 isti,
175 2607 213 2666 de
228 2623 265 2666 eo
281 2607 320 2665 ad
334 2605 466 2667 iudicem
480 2607 599 2667 venisti.
622 2605 671 2668 13.
692 2605 808 2667 Caeteri
822 2623 915 2680 quum
934 2606 973 2666 ad
985 2605 1116 2665 iudicem

93 2705 219 2756 causam
238 2690 413 2751 labefactari
431 2690 687 2762 animadvertunt,
710 2691 750 2750 ad
764 2690 908 2750 arbitrum
923 2689 1115 2764 confugiunt:

92 2772 143 2833 hio
164 2775 202 2834 ab
226 2774 337 2834 arbitro
360 2775 399 2834 ad
419 2775 549 2835 iudicem
570 2775 674 2835 venire
694 2780 742 2834 est
758 2789 866 2833 ausus:
894 2773 945 2848 qui
967 2790 1059 2848 quum
1077 2773 1116 2832 de

91 2855 150 2916 hae
163 2858 309 2932 pecunia,
334 2858 372 2918 de
387 2859 556 2919 tabularum
569 2857 631 2917 fide
648 2858 790 2918 arbitrum
805 2857 950 2932 sumpsit,
970 2854 1116 2916 iudicavit

92 2938 150 3000 sibi
165 2941 324 3015 pecuniam
338 2959 400 3002 non
411 2941 524 3005 deberi.
555 2943 617 3001 lam
629 2942 708 3001 duae
719 2949 822 3016 partes
834 2957 946 3007 causae
962 2949 1032 3001 sunt
1043 2956 1115 3001 oon·

93 3025 205 3084 lectae:
226 3026 445 3087 adnumerasse
461 3043 533 3087 sese
547 3033 651 3100 negat:
673 3040 842 3099 expensum
864 3025 969 3085 tulisse
990 3041 1052 3084 non
1070 3023 1115 3084 di-

92 3105 147 3182 cit,
169 3127 260 3183 quum
281 3110 399 3172 tabulas
417 3128 477 3172 non
496 3110 613 3170 recitat.
641 3109 803 3183 Reliquum
824 3117 871 3170 est
890 3117 922 3169 ut
939 3107 1114 3183 stipulatum

92 3206 127 3252 se
143 3207 213 3252 esse
233 3193 328 3254 dieat:
349 3203 508 3270 praeterea
528 3193 605 3254 enim
623 3193 879 3269 quemadmodum
897 3201 1009 3252 certam
1022 3206 1112 3267 poeu-

91 3275 171 3335 niam
186 3285 290 3351 petere
307 3277 407 3353 possit
420 3295 481 3338 non
495 3276 625 3352 reperio.
652 3278 691 3335 V.
707 3276 873 3351 stipulatus
886 3282 943 3335 est
958 3275 1033 3335 ubit
1050 3289 1111 3349 quo

82 3359 160 3415 me?
170 3376 233 3432 quo
248 3368 409 3436 tempore?
423 3379 484 3439 quo
501 3367 681 3439 praesenter
697 3356 767 3435 quis
783 3359 992 3434 spopondisse
1003 3376 1051 3417 rne
1068 3357 1113 3416 di-

61 3434 249 3502 ertrlverno.
281 3443 334 3506 14.
357 3447 419 3509 Hie
436 3465 497 3526 ego
516 3448 542 3510 si
565 3448 663 3508 finem
675 3444 790 3506 latiam
805 3441 951 3510 ditandi,
967 3436 1131 3495 salustium
