2370 3780
358 191 440 252 CAP.
462 195 594 255 aa-cl.
614 195 641 259 8·
655 197 784 256 88-96.
981 244 985 254 .
1038 187 1080 253 27

58 342 114 405 tibi
135 332 283 406 concedit.
319 343 441 404 Fatetur
459 358 494 403 se
507 358 568 407 aon
580 341 661 403 belle
676 341 791 416 dicere,
815 358 876 404 non
890 343 930 402 ad
946 345 1080 404 volunta·

59 437 120 489 tem
141 427 231 503 loqui
242 443 351 502 ροεεει
373 443 435 486 non
453 426 491 485 ab
505 424 629 486 adflicta
642 425 773 486 amicitia
787 426 975 500 transfugere
989 433 1082 502 atque

58 513 99 570 ad
116 510 273 572 florentem
285 510 374 570 aliam
386 509 543 569 devolare:
559 526 619 570 nou
631 508 766 585 profusis
782 509 951 585 sumptibus
962 507 1080 569 vivere:

59 611 122 655 non
137 611 245 655 ornare
259 592 420 666 magnifice
436 591 661 667 splendideque
678 590 866 688 copviviumz
885 609 947 652 non
967 592 1080 652 habere

59 679 181 738 domum
202 678 338 737 clausam
360 675 470 752 pudori
495 683 525 736 et
552 675 784 749 sanctimoniae,
815 684 966 752 patentem
989 683 1082 750 alque

59 762 137 821 adeo
164 760 338 836 expositam
362 758 518 835 cupiditati
537 766 567 819 ει
587 758 807 834 voluptatibus:
834 767 938 820 contra
962 757 1020 819 sibi
1040 757 1083 819 ait

59 843 208 915 officium,
223 843 330 915 fidem,
344 842 539 918 diligentiam,
557 841 647 902 vitam
662 842 784 903 omnino
798 859 919 918 semper
929 841 1082 903 horridam

58 936 150 1003 atque
165 927 281 987 aridam
296 925 381 986 cordi
397 925 503 986 luisse.
534 926 596 985 Ista
611 924 769 1001 superiora
784 943 854 987 esse
870 942 905 985 ac
921 927 1082 1001 plurimum

59 1027 156 1086 posse
178 1009 226 1071 his
247 1009 380 1070 moribus
401 1008 500 1069 sentit
544 1007 594 1070 94.
617 1008 694 1083 Quid
716 1026 789 1084 ergo
811 1018 880 1071 est?
899 1027 960 1069 non
981 1025 1082 1084 usquc

58 1111 97 1154 eo
119 1101 236 1166 tamen,
255 1092 336 1152 utin
358 1092 457 1168 capite
477 1091 668 1166 fortunisque
683 1092 836 1154 hominum
851 1092 1080 1153 honestissimo·

57 1194 125 1238 rum
146 1175 335 1237 dominentur
354 1176 392 1247 ii,
413 1174 465 1250 qui
485 1175 590 1236 relicta
610 1175 742 1237 virorum
757 1178 906 1238 bonorum
920 1175 1082 1251 disciplina

58 1270 90 1321 ει
111 1268 270 1334 quaestum
290 1266 320 1320 ει
342 1268 494 1348 sumptum
514 1258 643 1319 Gallonii
663 1258 753 1334 sequi
779 1261 962 1332 maluerunt,
989 1267 1081 1335 atque

58 1343 165 1416 etiam,
184 1345 265 1418 quod
280 1343 311 1404 in
325 1341 377 1404 illo
396 1341 542 1415 nonfuit,
561 1359 630 1403 cum
647 1342 775 1403 audacia
790 1343 979 1419 perfidiaque
997 1342 1080 1411 vixe-

57 1435 136 1488 runt.
170 1425 203 1486 Si
222 1426 292 1487 licet
312 1427 415 1486 vivere
430 1443 515 1499 eum,
536 1443 626 1501 quem
642 1428 714 1486 Sex.
731 1427 864 1487 Naevius
879 1443 939 1487 non
954 1427 1032 1497 vult,
1054 1425 1081 1486 sl
1133 1422 1136 1433 '

59 1519 107 1571 εει
121 1510 233 1570 homini
249 1511 378 1571 honesto
393 1512 480 1570 locus
494 1509 525 1569 in
539 1509 660 1571 civitate
675 1509 769 1570 invito
784 1510 914 1583 Naevio,
931 1509 958 1569 si
973 1510 1019 1568 fas
1034 1516 1082 1569 est

56 1593 209 1669 respirare
232 1594 263 1653 P.
285 1592 454 1668 Quinctium
480 1602 584 1654 contra
608 1602 712 1654 nutum
735 1593 947 1668 dicionemque
966 1591 1081 1664 Naevii,

59 1677 100 1749 si,
122 1694 201 1752 quae
223 1678 341 1752 pudore
362 1686 538 1738 ornamenta
558 1676 617 1737 sibi
637 1676 771 1752 peperit,
793 1694 829 1738 ca
853 1684 957 1751 potest
976 1683 1083 1735 contra

58 1761 255 1836 petulantiam
270 1769 299 1820 te
314 1761 497 1821 defendente
511 1759 663 1833 obtinere,
679 1777 752 1836 spes
768 1769 816 1822 est
829 1760 920 1820 etiam
934 1758 1015 1820 hunc
1027 1756 1082 1817 mi-

59 1860 160 1904 serum
182 1854 274 1920 atque
296 1844 446 1904 infelicem
467 1843 632 1920 aliquando
649 1845 771 1904 tandem
791 1861 886 1920 posse
902 1843 1080 1904 consistere.

60 1927 113 1988 Sin
129 1937 158 1988 et
173 1928 283 2003 poterit
296 1927 428 1988 Naevius
445 1926 491 2000 id,
514 1927 699 2002 quodlibet,
721 1935 751 1988 et
767 1928 795 1988 ci
809 1927 913 1988 libebit
926 1926 973 1998 id,
996 1926 1081 2000 quod

58 2028 118 2070 non
144 2012 227 2082 licet,
254 2012 327 2087 quid
345 2013 496 2086 agendum
517 2018 584 2072 εειι
611 2012 664 2086 qui
689 2011 765 2071 deus
790 2011 991 2087 appellandus
1013 2015 1082 2068 esta

58 2093 146 2154 cuius
166 2094 297 2156 hominis
320 2096 398 2156 fides
419 2094 608 2170 imploranda
626 2101 695 2156 estt
716 2093 770 2170 qui
790 2095 923 2170 denique
944 2101 1080 2168 questus,

60 2176 114 2250 qui
128 2193 248 2237 maeror
262 2178 372 2253 dignus
386 2179 514 2238 inveniri
527 2177 558 2239 in
575 2176 744 2239 calamitate
758 2185 840 2238 tanta
856 2184 978 2254 potest?

141 2260 244 2320 XXXI.
266 2260 316 2322 95.
337 2262 482 2323 Miserum
493 2270 540 2323 est
553 2261 706 2322 exturbari
718 2262 844 2322 fortunis
860 2260 1015 2333 omnibuS,
1026 2260 1080 2318 mi·

59 2343 157 2405 serius
171 2352 219 2404 εει
232 2343 348 2420 iniuria.
369 2345 522 2405 Acerbum
533 2353 581 2406 cst
593 2346 631 2404 ab
643 2347 745 2420 aliquo
758 2343 982 2415 circumveniri,
997 2359 1083 2403 accr-

56 2426 127 2488 bius
148 2427 367 2504 apropinquo.
398 2427 611 2489 calamitosum
630 2438 678 2490 est
696 2427 785 2489 bonis
800 2428 911 2501 everti,
928 2426 1081 2487 calamito-

58 2510 125 2573 sius
141 2527 209 2570 cum
223 2512 385 2573 dedecore.
406 2512 571 2572 Funestum
586 2520 633 2573 est
649 2529 668 2571 a
682 2511 751 2572 forti
765 2520 857 2588 atque
868 2512 997 2572 honesto
1013 2507 1080 2568 viro

58 2592 201 2668 iugulari,
223 2594 372 2656 funestius
392 2596 430 2655 ab
452 2611 505 2669 eo,
526 2594 613 2655 cuius
629 2612 689 2655 vox
710 2596 741 2654 in
762 2596 927 2670 praeconio
951 2601 1082 2670 quaestu

57 2676 199 2752 prostitit.
241 2678 399 2753 Indignum
426 2687 473 2738 est
499 2695 518 2738 a
545 2677 610 2752 pari
632 2677 783 2739 vinciant
803 2679 977 2755 superiore,
1003 2673 1080 2735 indi-

58 2761 147 2834 gnius
163 2761 201 2820 ab
218 2759 360 2823 inferiore
377 2769 468 2837 atque
486 2761 654 2822 humiliore.
685 2762 871 2823 Luctuosum
888 2770 934 2822 εει
946 2760 1024 2821 tradi
1038 2759 1079 2818 al-

57 2844 114 2904 teri
136 2860 205 2904 cum
226 2844 330 2918 bonis,
354 2845 524 2906 luctuosius
545 2844 677 2905 inimico.
711 2845 862 2907 Horribile
886 2854 933 2906 cst
955 2859 1079 2903 causam

59 2928 168 3001 capitis
190 2926 306 2998 dicere,
335 2928 508 2989 horribilius
529 2928 631 3003 priore
652 2929 720 2988 loco
743 2929 854 2990 dicere.
896 2927 945 2989 96.
975 2925 1081 2986 Omnia
1105 2980 1120 3013 a

58 3010 276 3085 circumspexit
297 3011 468 3085 Quinctius,
490 3011 589 3073 omnia
613 3011 798 3086 periclitatus
820 3020 882 3084 est,
907 3012 937 3070 C.
957 3009 1082 3085 Aquiliz

57 3110 119 3152 non
140 3101 311 3168 praetorem
333 3096 424 3155 modo
445 3112 464 3154 a
485 3112 546 3171 qun
568 3094 615 3154 ius
634 3095 807 3169 impetraret
825 3093 961 3155 invenire
980 3092 1080 3170 potuit

57 3186 151 3251 atque
169 3177 246 3236 adeo
260 3193 298 3236 ne
311 3179 392 3238 unde
407 3177 550 3239 arbitratu
565 3177 687 3253 quidem
702 3196 758 3238 suo
774 3180 954 3253 postularet,
972 3178 1080 3238 sedne

57 3260 175 3320 amicos
196 3260 319 3335 quidem
335 3261 406 3321 Sex.
420 3260 538 3334 Naevii,
562 3277 691 3335 quorum
707 3278 801 3335 saepe
817 3270 847 3321 ει
861 3261 913 3322 diu
927 3262 969 3320 ad
983 3260 1080 3331 pedes

57 3343 149 3404 iacuit
163 3351 289 3416 stratae,
311 3345 477 3406 obsecrans
488 3361 544 3422 per
556 3344 843 3406 deosimmortates
854 3388 864 3414 ,
875 3345 1114 3424 marazam

48 3425 115 3485 fure
129 3429 351 3491 contenderent
372 3438 425 3494 aut
446 3432 596 3495 iniuriam
616 3431 691 3494 stne
706 3423 896 3504 tencauda
908 3409 1137 3472 §mameae-

451 3636 470 3671 S
