2370 3780
344 198 442 259 'CAR
457 205 587 259 ll-tt.
609 203 633 263 S·
649 202 780 261 70-77.
1038 198 1078 261 21

56 348 308 413 existimationem
322 346 459 411 absentis
474 348 608 408 auderet
637 345 686 410 tt.
701 348 787 409 Unus
805 340 873 423 fuit,
888 350 1013 424 adfinis,
1030 369 1079 411 so·
1125 356 1128 369 “

55 435 140 508 eiua,
154 433 364 504 necessarius,
383 431 455 492 Sex.
469 430 618 506 Naevius,
640 431 706 506 qui,
728 450 820 506 quum
841 432 909 507 ipse
928 435 1006 495 ultro
1027 436 1080 494 de·

55 519 157 592 beret,
180 519 269 594 quasi
293 513 404 578 eximio
419 514 554 590 praemio
578 515 704 575 sceleris
725 513 866 591 exposito
882 515 1092 592 cupidissime,

56 603 269 674 contenderet,
295 607 329 659 ut
352 615 409 673 per
434 615 469 659 se
492 596 647 659 adflictum
672 606 765 674 atquc
789 614 931 660 eversum
955 600 1084 675 propin·

55 702 150 760 quum
173 700 263 745 suum
283 698 345 743 non
363 680 456 743 modo
476 681 604 742 honeste
623 680 719 756 partis
734 682 840 756 bonis,
865 700 971 744 vamrn
992 684 1081 743 etiarn

55 767 209 829 communi
231 769 301 827 luce
319 764 460 843 privaret.
495 764 555 825 Ubi
575 771 662 826 erant
681 765 792 826 caeteri
813 766 1001 827 creditores?
1027 766 1079 825 de-

54 850 150 926 nique
172 852 232 910 hoc
257 857 393 924 tempore
423 847 476 909 ubi
503 855 599 909 sunit
631 847 701 925 quis
729 857 777 909 est
805 849 857 924 qui
881 848 1080 910 fraudationis

55 950 152 995 causa
167 931 293 994 latuisse
306 933 406 993 dicati
420 930 491 1010 quis
504 931 556 1007 qui
565 932 723 993 absentem
734 933 895 993 defensum
908 941 998 1008 neget
1009 949 1080 993 esse

56 1017 250 1092 Quinctium?
277 1016 371 1077 Nemo
385 1013 545 1076 invenitur.
574 1012 624 1076 75.
644 1018 686 1075 At
702 1023 806 1076 contra
820 1032 940 1091 omnes,
957 1016 1079 1092 quibus·

56 1116 128 1162 cum
140 1098 217 1159 ratio
232 1098 301 1159 huic
317 1106 495 1161 antestant
511 1097 580 1169 fuit,
596 1099 722 1171 adsunt,
737 1100 918 1163 defendunt:
933 1100 1010 1160 fides
1024 1099 1080 1160 hu·

55 1184 107 1245 ius
119 1181 219 1243 multis
233 1182 309 1242 locis
323 1182 445 1259 cognita
459 1198 498 1241 ne
516 1181 645 1257 perfidia
657 1181 728 1243 Serc
744 1182 849 1243 Naevii
863 1184 1024 1259 derogetur
1037 1184 1081 1242 la-

55 1266 175 1328 borant
204 1265 236 1325 In
252 1265 342 1326 huius
356 1264 440 1326 modi
454 1265 652 1341 sponsionem
669 1272 763 1326 testes
778 1268 852 1327 dare
868 1267 1027 1342 oportebat
1040 1282 1080 1326 ex

57 1354 99 1410 eo'
111 1365 235 1413 numero
251 1351 304 1425 qui
324 1349 400 1409 haec
422 1348 573 1409 dicerent:
600 1349 815 1409 Vadimonium
836 1349 908 1410 rnihi
930 1349 1080 1411 deseruit:

58 1449 107 1493 me
120 1433 283 1496 fraudavit:
299 1448 378 1494 ame
393 1431 524 1493 nominis
539 1432 621 1505 eius,
635 1433 719 1506 quod
729 1432 873 1496 infitiatus
889 1444 986 1506 esset,
1001 1433 1081 1493 diem

55 1514 176 1595 petivit:
198 1533 257 1593 ego
271 1515 403 1591 experiri
420 1532 482 1576 non
497 1517 596 1590 potui:
619 1515 760 1576 latitavit:
776 1527 1001 1591 procuratorem
1016 1518 1081 1576 nul-

56 1600 118 1660 lum
137 1599 268 1675 reliquit
308 1601 422 1661 florum
443 1597 515 1660 nihil
531 1599 649 1661 dicitur.
683 1599 828 1660 Parantur
842 1607 938 1677 testes
952 1599 1004 1675 qui
1020 1600 1080 1660 hoc

56 1680 168 1745 dicant.
203 1685 333 1756 Verum,
356 1682 480 1757 opinor,
502 1682 685 1756 viderimus,
706 1700 800 1757 quurn
814 1682 953 1744 dixerint.
981 1685 1081 1744 Unum

55 1776 156 1827 tamen
169 1767 229 1827 hoc
245 1768 394 1841 cogitent,
415 1765 456 1828 ita
470 1782 504 1826 se
520 1781 629 1841 graves
644 1782 731 1840 esse,
751 1775 798 1839 ut:
814 1766 841 1827 si
859 1769 1011 1828 veritatem
1026 1783 1081 1827 vo·

56 1852 119 1911 lent
128 1850 273 1923 retinere,
287 1849 464 1926 gravitatem
475 1851 595 1924 possint
606 1850 756 1910 obtinere:
772 1849 798 1911 si
807 1867 875 1910 earn
884 1852 1082 1926 neglexerint,

56 1935 98 1994 ita
112 1935 198 1994 leves
214 1933 288 2005 sint,
310 1942 344 1995 ut
356 1948 463 1995 omncs
475 1932 643 2008 intelligant
657 1950 718 1993 non
734 1933 774 1993 ad
791 1933 985 1994 obtinendum
999 1949 1080 1993 men·

59 2015 197 2088 dacium,
220 2017 277 2077 sed
298 2017 465 2079 advertam
485 2016 675 2091 probandum
697 2015 905 2077 auctoritatem
926 2017 1080 2077 adiuvare.

56 2100 163 2160 XXIV.
185 2097 235 2162 76.
256 2100 321 2175 Ego
338 2100 415 2160 hoec
430 2101 490 2161 duo
507 2116 641 2176 quaero:
657 2099 785 2176 primum
800 2117 861 2177 qua
875 2100 992 2161 ratione
1004 2101 1081 2160 Nae-

57 2182 127 2242 vius
143 2191 320 2258 susceptum
330 2182 490 2259 negocium
502 2201 562 2246 non
576 2183 771 2259 transegerit,
781 2184 840 2244 froc
854 2192 915 2259 est,
928 2201 982 2246 cur
991 2184 1081 2255 bona,

60 2281 140 2340 quae
160 2281 199 2326 ex
220 2267 319 2327 edicto
343 2266 534 2341 possidebat,
557 2283 618 2327 non
634 2267 820 2328 vendiderit:
845 2268 954 2328 deinde
975 2283 1028 2328 cur
1042 2281 1082 2326 ex

58 2356 105 2411 tot
120 2350 321 2412 creditoribus
337 2349 406 2412 aliis
421 2350 462 2410 ad
476 2348 565 2412 istam
583 2351 730 2411 rationem
745 2367 833 2412 nemo
849 2351 1028 2423 accesserit,
1048 2357 1083 2410 ut

59 2434 237 2495 necessario
266 2434 431 2495 confiteare
458 2440 559 2510 neque
588 2443 648 2494 tarn
680 2431 881 2495 temerarium
899 2450 1082 2511 quemquam

58 2514 157 2576 fuisse
175 2533 275 2593 neque
288 2525 317 2578 te
331 2517 433 2592 ipsum
444 2516 490 2588 id,
506 2519 590 2592 quod
601 2517 775 2593 turpissime
787 2518 997 2594 suscepisses,
1013 2533 1081 2592 per-

60 2612 202 2661 severare
214 2609 244 2661 et
254 2599 421 2675 transigere
436 2600 583 2675 potuisse.
606 2601 699 2676 Quid,
714 2603 784 2662 situ
796 2601 879 2676 ipse,
892 2602 963 2663 Sex.
977 2599 1081 2672 Naevi,

59 2680 191 2744 statuisti
204 2683 284 2745 bona
298 2685 330 2743 P.
346 2682 476 2757 Quinctii
490 2701 528 2744 ex
545 2682 643 2745 edicto
659 2701 808 2760 possessa
822 2703 882 2746 non
898 2683 1081 2769 essetopi-

9 2775 10 2780 ’
58 2783 130 2840 nor,
150 2774 234 2828 tuum
247 2768 467 2839 testimonium,
491 2769 573 2843 quod
588 2768 617 2828 in
633 2769 731 2828 aliena
750 2785 784 2828 re
804 2772 872 2829 leve
889 2776 986 2838 esset,
1006 2767 1037 2828 id
1051 2767 1081 2827 in

58 2858 125 2922 tua,
142 2849 286 2926 quoniam
301 2858 407 2911 contra
420 2861 448 2911 te
464 2859 526 2923 est,
544 2852 756 2927 gravissimum
772 2853 862 2912 debet
875 2868 954 2912 esse.
975 2850 1081 2911 Emisti

58 2933 140 2992 bona
155 2933 228 2993 Sex.
241 2933 343 2994 Alfeni
355 2935 388 2993 L.
405 2934 488 2995 Sulla
502 2935 651 2996 dictatore
666 2936 830 2997 vendente:
847 2934 968 3005 ¹socium
984 2935 1037 2996 tibi
1050 2935 1082 2995 in

58 3014 97 3077 iis
117 3016 208 3077 bonis
229 3015 350 3079 edidisti
370 3017 548 3092 Quinctium.
582 3019 671 3079 Plura
690 3035 752 3080 non
779 3019 858 3079 dico.
904 3018 977 3079 Cum
997 3035 1033 3079 eo
1050 3027 1082 3077 tu
1104 3080 1106 3085 ,

13 3170 17 3177 Ι
59 3098 261 3161 voluntariam
282 3102 456 3162 societatem
479 3101 600 3175 coibas,
622 3103 674 3177 qui
694 3111 722 3162 te
737 3102 767 3161 in
788 3101 970 3163 hereditaria
984 3100 1081 3164 socie-

59 3190 120 3243 tate
134 3183 303 3255 fraudarat,
322 3192 352 3245 et
365 3202 435 3245 eurn
447 3185 560 3246 iudicio
575 3195 627 3247 tuo
643 3184 880 3260 comprobabam
906 3203 994 3260 qoem
1009 3199 1081 3259 spo-

59 3266 163 3327 liatum
178 3267 258 3327 fama
272 3268 462 3344 fortunisque
477 3267 617 3329 omnibus
631 3269 838 3329 arbitrabare?

144 3348 193 3413 77.
215 3350 396 3413 Diffidebam
412 3353 601 3425 mehercule,
616 3353 647 3411 C.
660 3351 781 3427 Aquili,
796 3351 870 3413 satis
883 3351 982 3413 animo
998 3358 1091 3409 certo
1149 3379 1153 3387 ·

62 3443 92 3492 et
106 3435 284 3499 confirmato
304 3450 352 3494 me
376 3452 474 3512 posse
491 3435 520 3497 in
536 3436 593 3498 hac
612 3452 705 3496 causa
722 3436 906 3498 consistere=
933 3431 1105 3497 siccam,
