2370 3780
378 226 459 287 CAP.
473 234 570 289 4-5.
592 231 618 294 §-
634 233 770 291 lt-ac.
1059 225 1080 288 5

57 381 128 440 Sex.
143 377 276 441 Naevius
287 376 442 440 hominem
455 377 556 441 multis
570 378 673 440 verbis
684 380 815 441 deterret
825 396 864 441 ne
874 376 1080 440 aueuoneur.

56 480 126 524 eum
146 479 206 524 non
227 462 269 523 ita
283 462 442 523 commode
457 479 552 538 posse
567 478 604 524 eo
621 471 756 537 tempore
771 480 831 539 quo
846 461 1080 539 proscripsisset

57 547 205 608 vendere:
234 548 351 609 Romae
372 545 429 606 sibi
450 563 608 607 numerum
631 547 802 607 facultatem
811 556 903 620 esse,
925 563 1029 623 quam,
1053 547 1080 607 si

57 638 194 706 saperet,
217 645 407 691 communem
425 631 610 690 existimaret
631 647 688 705 pro
704 631 834 690 fraterna
848 631 899 690 illa
913 630 1080 690 necessitu-

56 714 132 774 dine·
148 725 178 774 el
199 731 257 790 pro
278 713 375 789 ipsius
390 714 554 777 adfinitate.
587 715 662 773 Nam
674 712 705 772 P.
722 714 851 787 Quinctii
866 713 1080 775 consobrinam

55 799 146 858 habet
160 798 190 859 in
205 796 394 860 matrimonio
406 798 538 858 Naevius
553 806 634 858 etex
649 815 686 857 ea
699 798 822 858 liberos.
850 798 926 871 Quia
938 798 1021 873 quod
1036 797 1081 856 vi·

55 899 121 941 rum
135 880 251 942 bonum
264 883 364 942 lacere
379 882 553 957 oportebat,
573 881 605 941 id
619 882 801 956 loquebatur
814 882 963 956 NaeviuS,
984 880 1080 940 credi-

56 965 99 1026 dit
112 964 270 1039 Quinctius
283 982 365 1037 eum‚
389 966 440 1040 qui
459 965 625 1026 orationem
639 966 788 1026 bonorum
802 965 981 1037 imitaretur,
1002 966 1082 1024 lacta

57 1064 182 1124 quoque
196 1046 391 1110 imitaturum:
407 1049 578 1110 auctionem
593 1049 671 1108 velle
684 1050 784 1109 lacere
800 1050 933 1110 desistit:
953 1050 1081 1110 Romam

54 1130 274 1207 proficiscitur:
296 1134 416 1193 decedit
437 1150 476 1193 ex
491 1132 587 1192 Gallia
599 1132 726 1192 Romam
745 1133 832 1193 simul
849 1133 991 1193 Naevius.
1030 1129 1089 1195 17.·

56 1217 154 1290 Quum
170 1214 331 1293 pecuniam
346 1217 377 1276 C.
394 1216 550 1290 Quinctius
564 1216 595 1274 Ρ.
611 1215 762 1292 Scapulae
777 1217 949 1289 debuisset,
971 1233 1026 1292 per
1043 1225 1079 1287 te,

56 1301 89 1359 C.
109 1298 228 1374 Aquili,
248 1298 361 1361 decidit
381 1302 412 1360 P.
429 1299 602 1374 Quinctiae,
625 1301 708 1375 quod
731 1300 833 1360 liberis
848 1299 914 1361 eius
931 1300 1081 1360 dissolve-

55 1391 111 1443 ret.
141 1383 207 1444 Hoc
230 1401 268 1446 eo
289 1402 345 1460 per
365 1393 395 1444 te
410 1385 570 1458 agebatur,
592 1386 676 1459 quod
690 1392 816 1460 propter
830 1385 975 1444 aerariam
990 1383 1081 1444 ratio-

56 1483 125 1527 nem
139 1484 199 1527 non
215 1468 290 1529 satis
305 1475 369 1528 erat
384 1469 414 1528 in
436 1469 545 1529 tabulis
560 1469 735 1543 inspexisse
751 1477 895 1543 quantum
911 1469 1079 1538 deberetur,

56 1549 114 1610 nisi
128 1551 168 1611 ad
179 1552 313 1612 Castoris
326 1553 503 1628 quaesisses
520 1561 664 1628 quantum
679 1554 856 1613 solveretur.
883 1550 1006 1613 Decidis
1022 1552 1081 1610 sta‘-

56 1635 178 1710 tuisque
196 1645 228 1696 lu
248 1645 373 1711 propter
394 1636 666 1710 necessitudinem,
686 1653 764 1710 quae
785 1636 839 1696 tibi
855 1652 924 1696 cum
940 1633 1081 1709 Scapulis

56 1727 118 1793 est,
134 1719 208 1794 quid
222 1719 260 1779 iis
278 1721 316 1779 ad
332 1719 488 1784 denarium
504 1721 683 1781 solveretur.

137 1805 175 1862 V.
199 1803 248 1866 18.
269 1805 353 1864 Haec
369 1804 469 1864 omnia
481 1805 636 1878 Quinctius
653 1804 761 1879 agebat
773 1812 896 1864 auclore
911 1811 1082 1864 etconsua-

60 1903 130 1947 sore
146 1886 273 1947 Naevio.
308 1889 370 1947 Nec
392 1888 513 1960 mirum,
540 1890 565 1948 si
585 1888 652 1948 eius
672 1889 811 1948 utebatur
828 1888 971 1960 consilio,
994 1885 1080 1946 euius

57 1970 202 2031 auxilium
220 1970 278 2030 sibi
297 1968 435 2047 paratum
455 1972 590 2047 putabat.
626 1972 692 2031 Non
714 1973 805 2032 modo
828 1970 907 2031 enim
928 1969 1080 2046 pollicitus

59 2062 123 2114 erat
141 2055 171 2113 in
188 2054 300 2127 Gallia,
323 2056 379 2115 sed
394 2057 509 2116 Romae
531 2055 657 2129 cotidie,
678 2054 767 2114 simul
786 2064 877 2131 atque
891 2054 949 2114 sibi
963 2053 1012 2112 hic
1028 2053 1081 2112 ad-

56 2137 188 2209 nuisset,
216 2146 441 2199 numeraturum
464 2156 497 2199 se
519 2139 647 2199 dicebat.
692 2138 846 2212 Quinctius
871 2154 963 2212 porro
990 2136 1082 2196 istum

56 2237 151 2296 posse
167 2222 267 2281 lacere
281 2221 418 2283 videbat:
432 2223 543 2282 debere
551 2222 749 2296 intelligebat:
762 2222 889 2294 mentiri,
903 2220 974 2296 quia
987 2235 1081 2280 causa

56 2320 113 2365 cur
130 2304 306 2365 mentiretur
325 2323 386 2366 non
408 2315 486 2380 erat,
507 2323 568 2367 non
589 2306 723 2382 putabat.
759 2307 850 2380 Quasi
871 2305 954 2365 domi
972 2321 1080 2364 numos

55 2387 193 2460 haberet,
207 2389 248 2448 ila
263 2389 418 2450 constituit
433 2389 573 2464 Scapulis
587 2407 621 2450 se
636 2390 788 2450 daturum:
812 2389 959 2449 Naevium
973 2387 1081 2447 certio-

6 2542 13 2552 ·
55 2488 120 2532 rem
142 2470 227 2545 lacit,
246 2482 333 2548 rogat
356 2482 388 2533 ut
403 2481 487 2534 curet
503 2474 587 2549 quod
603 2473 746 2534 dixisset:
781 2471 830 2534 19.
857 2489 949 2548 quum
964 2473 1021 2531 iste
1034 2469 1081 2528 vir

57 2553 191 2630 optimus
209 2574 380 2617 -uereor
400 2574 439 2617 ne
461 2573 495 2616 se
515 2557 646 2617 derideri
662 2565 764 2633 putet,
792 2557 875 2632 quod
898 2557 1004 2617 iterum
1021 2553 1082 2613 iam

57 2638 143 2698 dico:
161 2638 349 2713 optimus-
371 2641 422 2715 qui
443 2641 524 2699 hunc
544 2640 576 2700 in
598 2657 731 2701 summas
747 2640 902 2716 angustias
917 2639 1082 2698 adductum

56 2729 193 2797 putaret,
210 2731 243 2783 ut
254 2740 322 2784 eum
338 2724 402 2785 suis
419 2722 652 2785 condicionibus
666 2724 697 2784 in
712 2725 781 2799 ipso
795 2724 921 2783 articulo
936 2720 1081 2796 temporis

57 2805 253 2879 astringeret,
273 2824 375 2868 assem
392 2823 463 2868 sese
478 2815 569 2880 negat
585 2808 739 2881 daturum,
761 2806 821 2866 nisi
835 2807 920 2882 prius
936 2805 1080 2866 derebus

54 2889 287 2964 rationibusque
309 2890 464 2952 societatis
487 2889 627 2950 omnibus
649 2891 814 2951 decidisset
838 2897 875 2960 et,
890 2889 1001 2949 scisset
1022 2887 1082 2948 sibi

58 2986 127 3030 cum
139 2971 277 3044 Quinctio
294 2973 521 3036 controversiae
537 2973 610 3033 nihil
625 2975 766 3035 futurum.
790 2973 959 3045 PosteriuS,
974 2971 1081 3048 inquit,

56 3054 117 3115 ista
129 3055 317 3130 videbimus,
334 3058 504 3131 Quinctius:
526 3072 607 3118 nunc
622 3058 681 3118 hoc
696 3057 787 3118 velim
802 3073 906 3129 curae,
927 3055 954 3115 si
969 3055 1022 3116 tibi
1036 3054 1080 3114 vi-

57 3138 160 3208 detur,
183 3140 266 3213 quod
286 3142 396 3202 dixisti.
436 3141 532 3216 Negat
552 3157 587 3200 se
600 3141 659 3201 alia
677 3141 794 3201 ratione
815 3142 977 3214 lucturum,
997 3138 1081 3215 quod

56 3221 265 3296 promisissem
287 3242 346 3285 non
367 3227 437 3301 plus
458 3242 515 3285 sua
533 3226 661 3298 reterre,
684 3224 830 3300 quamsi,
854 3241 947 3300 quum
965 3222 1080 3283 auctio·

57 3322 126 3365 nem
142 3306 303 3381 venderet,
322 3308 435 3368 domini
451 3308 538 3369 iussu
553 3306 709 3383 quidpiam
720 3307 920 3383 promisisset.
950 3306 1000 3367 ΞΟ.
1021 3306 1079 3364 De·

57 3388 212 3450 stitutione
232 3392 283 3450 illa
306 3394 466 3466 perculsus
489 3391 645 3466 Quinctius
671 3392 847 3467 aScapulis
877 3407 997 3464 paucos
1014 3387 1088 3459 dies

57 3473 169 3534 autera
183 3473 213 3535 in
228 3474 354 3536 Galliam
365 3477 466 3555 mittit,
475 3486 512 3539 ut
522 3494 578 3554 ea,
589 3493 674 3552 quae
682 3462 1119 3556 ffiqqqqaaxasexifflyss
