2370 3780
355 177 437 238 CAP.
453 186 584 241 12—15.
606 182 632 245 S·
647 183 778 240 ae-la.
1038 175 1083 239 39

57 329 146 407 stitit,
165 339 198 392 ut
218 329 245 392 si
266 331 390 406 quando
408 328 542 389 auditum
560 327 614 402 sit,
634 327 765 408 portenti
783 345 820 390 ac
840 325 970 405 prodigii
984 327 1081 391 simile

56 423 243 489 numeretur,
285 414 397 489 quibus
425 413 545 474 tandem
569 420 616 488 tu,
642 412 675 472 C.
694 412 799 486 Eruci,
825 412 1009 487 argumentis
1030 429 1082 474 ac-

58 507 230 559 cusatorem
252 513 363 558 censes
382 495 425 556 uti
451 503 616 571 oporteret
647 496 754 557 Nonne
773 504 804 557 et
823 495 985 558 audaciam
1005 499 1081 570 eius,

58 582 110 658 qui
131 582 160 641 in
176 583 289 643 crimen
304 589 444 654 vocetur,
464 580 647 654 singularem
661 580 824 640 ostendere
837 588 867 640 et
882 595 984 640 mores
999 580 1081 640 ieros

56 669 279 739 immanemque
299 672 436 724 naturam
459 672 490 724 et
513 663 604 724 vitam
623 663 704 725 vitiis
730 662 915 739 flagitiisque
941 662 1081 745 omnibus

54 749 188 811 deditam
198 758 229 809 et
242 749 424 825 [addictam]
436 747 569 822 denique
581 747 681 808 omnia
692 747 730 806 ad
741 746 906 822 perniciem
921 734 1083 823 profligata

56 842 148 909 atque
159 833 300 908 perditae
333 831 465 905 Quorum
488 840 518 892 tu
539 830 640 891 nihil
632 848 663 892 m
685 830 758 891 Sex.
777 830 923 893 Roscium
940 848 980 892 ne
1006 830 1081 891 obii-

56 917 156 978 ciendi
172 916 294 992 quidem
309 932 402 976 causa
417 914 580 975 contulisti.

140 1001 220 1060 XlV.
242 999 292 1060 39.
322 999 440 1060 Patrem
466 997 578 1059 occidit
603 997 675 1065 Sex.
701 997 843 1061 Roscius.
887 997 943 1072 Qui
967 999 1081 1060 homor

55 1084 311 1144 Adulescentulus
325 1091 485 1159 corruptus
497 1091 527 1143 et
538 1082 576 1141 ab
587 1081 759 1143 hominibus
772 1099 902 1157 nequam
917 1082 1082 1144 inductusa

55 1183 156 1228 annos
176 1175 263 1228 natus
283 1167 379 1227 maior
401 1165 610 1241 quadraginta.
650 1169 748 1226 Vetus
775 1166 918 1229 videlicet
940 1166 1079 1239 sicarius,

55 1253 148 1313 homo
164 1251 265 1311 audax
285 1259 315 1312 et
329 1267 424 1326 saepe
437 1251 469 1310 in
486 1250 581 1310 caede
597 1257 747 1311 versatus.
775 1253 816 1311 At
827 1251 886 1311 hoc
901 1252 940 1310 ab
954 1267 1080 1311 accusa-

57 1346 123 1396 tore
138 1351 176 1395 ne
190 1333 249 1394 dici
263 1335 386 1411 quidem
399 1333 538 1395 audistis.
562 1333 712 1395 Luxuries
726 1332 816 1408 igitur
829 1332 981 1394 hominem
995 1333 1080 1395 nimi-

55 1437 123 1480 rum
144 1427 174 1479 et
194 1418 272 1497 aeris
293 1417 383 1478 alieni
403 1416 577 1493 magnitudo
601 1427 631 1480 et
650 1417 814 1479 indomitae
828 1417 919 1478 animi
933 1418 1081 1494 cupidita-

58 1513 103 1564 tes
117 1505 161 1562 ‘ad
176 1503 234 1563 hoc
256 1504 357 1562 scelus
372 1502 576 1578 impulerunt?
600 1503 645 1562 De
659 1500 779 1562 luxuria
793 1501 933 1578 purgavit
942 1501 1081 1573 Erucius,

56 1603 149 1662 quum
164 1586 240 1647 dixit
253 1586 333 1646 hunc
349 1603 388 1646 ne
404 1585 435 1646 in
450 1585 591 1648 convivio
608 1585 731 1661 quidem
741 1586 803 1647 ullo
818 1587 881 1646 lere
897 1585 1081 1646 interfuisse.

54 1671 132 1731 Nihil
153 1681 254 1732 autem
269 1687 413 1746 umquam
433 1669 545 1732 debuit.
588 1669 774 1745 Cupiditates
794 1685 886 1746 porro
908 1686 988 1746 quae
1008 1684 1080 1744 pos-

56 1763 125 1816 sunt
142 1771 213 1815 esse
227 1753 259 1814 in
274 1772 326 1825 eo,
344 1753 412 1831 qui,
433 1763 467 1815 ut
480 1753 548 1831 ipse
563 1762 724 1815 accusator
738 1753 863 1827 obiecit,
880 1752 943 1815 ruri
960 1769 1081 1828 semper

55 1838 196 1918 habitarit
217 1846 247 1899 et
267 1837 296 1897 in
313 1855 387 1913 agro
402 1838 530 1900 colendo
551 1837 676 1911 vixerit,
701 1854 780 1914 quae
799 1837 862 1898 vita
875 1837 1005 1898 maxime
1020 1835 1081 1896 dis-

54 1923 156 1983 iuncta
171 1939 191 1982 a
204 1922 370 1998 cupiditate
385 1930 432 1983 est
452 1931 567 1983 etcum
588 1921 689 1983 ollicio
707 1921 889 1984 coniuncta?
924 1919 976 1982 lo.
998 1921 1081 1994 Quae

54 2023 105 2066 res
121 2005 210 2080 igitur
224 2015 339 2066 tantum
353 2005 444 2066 istum
460 2007 591 2067 furorem
608 2005 679 2066 Sex.
693 2005 806 2067 Roscio
831 2004 962 2066 obiecit?
991 2003 1080 2075 Patri,

55 2089 162 2164 inquit,
174 2106 236 2150 non
249 2091 397 2165 placebat.
416 2090 505 2168 [Patri
519 2106 579 2150 non
594 2090 764 2166 placebatt]
778 2090 872 2163 Quam
885 2090 923 2150 ob
937 2094 1082 2150 causam?

54 2175 191 2233 Necesse
207 2182 255 2234 est
268 2174 348 2234 enim
371 2191 438 2234 eam
454 2191 577 2250 quoque
589 2173 699 2234 iustam
719 2182 749 2235 et
762 2189 902 2248 magnam
917 2182 947 2235 et
962 2171 1080 2249 perspi-

56 2273 145 2317 cuam
160 2256 265 2317 luisse.
297 2259 373 2317 Nam
393 2256 514 2318 utillud
528 2257 704 2319 incredibile
720 2265 784 2331 est,
805 2264 931 2321 mortem
949 2258 1080 2318 oblatam

56 2355 128 2400 esse
151 2340 227 2414 patri
248 2358 267 2400 a
288 2342 351 2402 filio
374 2340 440 2403 sine
457 2342 594 2416 plurimis
616 2350 646 2402 et
667 2342 806 2402 maximis
821 2341 939 2416 causis,
962 2338 1007 2401 sie
1020 2339 1081 2399 hoc

54 2423 120 2484 veri
135 2423 231 2485 simile
242 2443 303 2486 uon
315 2434 377 2498 est,
390 2425 460 2486 odio
474 2425 568 2487 luisse
580 2425 697 2500 parenti
710 2426 803 2486 lilium
815 2425 881 2487 sine
893 2423 994 2486 causis
1006 2424 1081 2483 mul-

55 2507 95 2568 tis
116 2515 147 2568 et
167 2509 283 2582 magnis
304 2519 334 2570 et
352 2509 547 2570 necessariis.
586 2508 637 2571 41.
658 2511 776 2570 Rursus
798 2508 887 2584 igitur
908 2510 1017 2572 eodem
1033 2523 1081 2567 re-

54 2599 209 2652 vertamur
222 2601 252 2652 el
263 2610 445 2668 quaeramus
461 2602 636 2668 quaerente
652 2593 723 2654 vitia
741 2593 851 2654 luerint
865 2593 895 2654 in
911 2593 1001 2654 unico
1017 2589 1079 2651 lilio

57 2692 152 2750 quare
166 2675 193 2735 is
207 2677 284 2750 patri
299 2677 484 2753 displiceret.
518 2678 560 2737 Aa
573 2678 768 2753 perspicuum
783 2686 830 2738 est
844 2678 957 2739 nullum
973 2675 1078 2735 fuisse.

54 2759 142 2820 Pater
160 2758 251 2834 igitur
267 2777 371 2822 amens
393 2760 446 2836 qui
462 2759 579 2822 odisset
592 2778 662 2821 eum
678 2761 743 2822 sine
764 2778 872 2833 causa,
899 2776 990 2836 quem
1009 2776 1079 2834 pro·

56 2851 182 2904 crearat.
219 2843 288 2903 At
280 2862 307 2905 rs
330 2844 452 2920 quidem
473 2844 529 2905 luit
543 2846 674 2905 omnium
690 2844 964 2907 constantissimus.
999 2843 1078 2917 Ergo

56 2927 156 2985 illud
149 2943 208 2986 ram
228 2928 422 3004 perspicuum
445 2929 581 3003 proiecto
604 2938 667 3003 cst,
688 2928 716 2991 si
735 2946 836 3005 neque
861 2945 966 2989 amens
992 2934 1079 3005 pater

55 3026 157 3085 neque
172 3011 308 3086 perditus
323 3012 403 3074 filius
420 3012 524 3086 luerit,
552 3029 652 3086 neque
670 3012 733 3075 odii
746 3029 872 3074 causam
887 3011 965 3088 patri
978 3029 1079 3086 neque

56 3093 183 3154 sceleris
204 3093 266 3155 filio
289 3095 393 3157 luisse.
427 3096 492 3155 XV.
513 3057 565 3157 42.
587 3097 712 3169 Nescio,
739 3096 852 3172 inquit,
881 3113 959 3172 quae
984 3112 1080 3157 causa

55 3177 118 3238 odii
139 3177 242 3239 luerit=
262 3178 358 3240 luisse
379 3181 481 3242 odium
498 3179 646 3255 intelligo,
668 3180 740 3257 quia
760 3197 798 3240 an
801 3192 864 3255 tea,
886 3198 979 3256 quum
999 3181 1078 3240 duos

55 3260 135 3323 lilios
153 3262 293 3336 haberet,
310 3263 396 3324 illum
416 3266 558 3337 alterum,
580 3264 631 3338 qui
646 3272 781 3325 mortuus
795 3274 856 3336 est,
878 3281 983 3326 secum
995 3260 1078 3324 omni

54 3353 193 3422 tempore
213 3346 335 3408 volebat
360 3364 445 3422 esse,
471 3348 551 3408 hunc
576 3345 606 3407 in
631 3346 757 3421 praedia
781 3348 894 3413 rustica
918 3351 1076 3422 relegarat.

56 3427 144 3502 Quod
163 3429 274 3492 Erucio
298 3429 456 3493 accidebat
476 3431 507 3491 in
530 3433 609 3492 mala
629 3430 852 3508 nugatoriaque
871 3429 1091 3494 accusatione„
