2384 3766
133 197 172 262 tl
395 198 468 260 PRO
491 199 522 257 P.
545 195 720 272 QUINCTIO
742 198 892 260 ORATIO.

132 362 162 412 et
177 352 285 412 solatio
304 351 489 413 sublevatur.
511 351 602 411 Cuius
618 351 787 412 verobona
803 350 973 423 venierunt,
991 353 1077 414 cuius
1093 368 1155 414 noa

132 437 223 496 modo
240 436 308 496 illae
323 435 530 509 amplissimae
550 436 704 507 fortunae,
720 436 880 495 sedetiam
895 435 993 495 victus
1013 437 1157 498 vestitus-

133 535 192 593 que
219 518 413 579 necessarius
439 519 496 579 sub
520 534 703 593 praeconem
731 534 798 578 cum
825 518 977 579 dedecore
999 520 1156 581 subiectus

131 613 193 675 est,
215 603 242 662 is
264 620 323 662 non
345 604 436 662 modo
460 620 499 661 ex
521 618 646 662 numero
667 601 805 662 vivorum
825 604 1015 674 exturbatur,
1038 605 1109 674 sed,
1129 605 1158 664 si

131 686 196 746 fieri
210 694 324 761 potest,
340 686 418 747 intra
432 685 522 746 etiam
532 694 668 745 mortuos
683 686 850 744 mandatur.
873 687 992 746 Etenim
1003 704 1085 746 mors
1100 688 1156 748 ho-

130 779 218 830 nesta
239 786 332 844 saepe
353 770 444 829 vitam
462 785 585 844 quoque
600 786 660 828 non
679 777 796 842 turpem
811 779 952 830 exornat:
979 770 1041 829 vita
1056 771 1155 845 turpis

130 869 169 912 ne
192 854 277 913 morti
301 853 422 928 quidem
440 854 588 912 honestae
608 851 879 927 locum'relinquit.
914 853 965 914 50.
984 853 1064 926 Ergo
1086 855 1155 913 her-

131 938 213 1008 cule,
239 935 326 1007 cuius
348 926 430 996 bmra
451 953 490 996 ex
506 936 606 996 edicto
624 936 834 1009 possidentur,
856 935 945 997 huius
961 936 1058 998 omnis
1076 939 1156 997 lama

130 1029 160 1081 et
186 1019 368 1081 existimatio
389 1036 458 1079 cum
475 1021 563 1081 bonis
585 1019 674 1079 simul
690 1020 878 1093 possidetur:
907 1022 946 1082 de
974 1038 1034 1096 quo
1061 1021 1161 1080 libelli

129 1106 160 1164 in
183 1103 387 1163 celeberrimis
408 1103 485 1164 locis
507 1111 731 1179 proponuntur,
755 1103 824 1162 huic
852 1120 891 1163 ne
912 1105 1010 1178 perire
1032 1104 1155 1178 quidem

129 1186 218 1249 tacite
247 1189 440 1262 obscureque
461 1187 651 1247 conceditur:
677 1187 726 1248 cui
747 1186 882 1260 magistri
901 1188 977 1247 liunt
994 1197 1024 1248 et
1039 1186 1155 1247 domini

130 1271 368 1343 constituuntur,
391 1271 443 1346 qui
463 1288 523 1345 qua
543 1273 610 1344 lege
632 1279 662 1330 et
685 1287 746 1345 qua
761 1270 942 1331 condicione
964 1280 1069 1345 pereat
1081 1288 1153 1346 pro·

130 1355 286 1416 nuncient:
300 1356 338 1415 de
353 1374 413 1430 quo
427 1355 548 1415 homine
559 1355 721 1428 praeconis
736 1371 797 1414 vox
808 1354 964 1429 praedicat
975 1365 1005 1414 et
1016 1355 1154 1429 precium

131 1439 266 1513 conticit,
292 1439 362 1512 huic
384 1438 613 1499 acerbissimum
630 1436 701 1499 vivo
721 1437 896 1512 videntique
918 1439 1008 1513 lunas
1023 1440 1152 1510 ducitur,

130 1522 263 1583 silanus
279 1523 311 1582 id
327 1524 499 1582 habendum
514 1522 567 1593 sit,
591 1538 651 1596 quo
668 1538 728 1581 non
743 1521 831 1581 amici
847 1522 1031 1583 conveniunt
1045 1523 1086 1582 ad
1099 1540 1153 1582 ex·

130 1607 254 1681 sequias
276 1606 538 1677 colronestandas,
562 1606 618 1665 sed
639 1606 787 1665 bonorum
806 1614 959 1679 emptores
981 1614 1013 1664 ut
1033 1606 1152 1666 carnifi-

130 1706 183 1750 ces
196 1692 235 1749 ad
249 1689 395 1763 reliquias
412 1689 490 1748 vitae
505 1690 685 1748 lacerandas
702 1698 731 1747 et
747 1689 970 1749 distrahendas.

211 1774 290 1833 XVl.
309 1772 360 1832 51.
380 1774 485 1846 ltaque
500 1772 631 1832 maiores
647 1770 742 1832 nostri
759 1789 826 1831 raro
842 1773 873 1831 id
890 1773 1031 1832 accidere
1047 1774 1152 1834 voluc-

128 1864 212 1929 runt,
234 1865 392 1931 praetores
415 1864 446 1916 ut
466 1856 658 1916 considerate
679 1856 765 1915 fieret
786 1865 1048 1930 comparaverunt.
1085 1857 1152 1917 Viri

128 1941 200 2000 boni
224 1958 316 2015 quum
340 1942 438 2014 palam
461 1941 652 2010 fraudantur,
684 1956 777 2013 quum
803 1940 983 2014 experiundi
1013 1948 1152 2014 potestas

128 2041 189 2084 non
206 2033 267 2096 est,
293 2024 394 2084 timide
408 2034 509 2084 tamen
524 2032 554 2083 et
569 2023 781 2098 pedetemptim
795 2022 874 2083 istuc
891 2022 1095 2094 descendunt,
1120 2024 1152 2085 vi

128 2124 164 2167 ac
177 2107 358 2168 necessitate
371 2107 482 2180 coacti,
495 2107 594 2179 inviti,
605 2107 705 2166 multis
719 2106 898 2166 vadimoniis
911 2105 1040 2167 desertis
1056 2124 1152 2183 saepe

128 2191 209 2251 illusi
225 2207 260 2250 ac
277 2190 420 2251 destituti.
455 2189 653 2251 considerant
667 2191 746 2249 enim
762 2189 880 2263 quidet
896 2199 1040 2264 quantum
1055 2191 1094 2251 sit
1109 2195 1152 2251 al·-

71 2280 77 2293 '
129 2276 222 2335 terius
245 2275 325 2334 bona
347 2275 548 2349 proscribere.
585 2275 722 2352 lugulare
743 2273 840 2332 civem
868 2290 906 2332 ne
933 2273 998 2334 iure
1028 2275 1151 2349 quidem

128 2359 290 2433 quisquam
304 2358 404 2417 bonus
423 2361 500 2418 vult:
526 2359 640 2416 mavult
656 2357 734 2416 enirn
748 2373 984 2417 commemorare
1000 2374 1034 2417 se
1058 2376 1151 2432 quum

127 2451 235 2517 posset
261 2443 388 2516 perdere
414 2441 591 2516 pepercisse
619 2457 708 2515 quam
742 2458 834 2515 quum
865 2457 990 2515 parcere
1018 2442 1150 2516 potuerit

39 2597 43 2608 ι
92 2548 97 2558 ·
127 2524 309 2600 perdidisse.
331 2526 412 2584 Haec
430 2526 459 2584 in
475 2524 612 2584 homines
628 2524 844 2597 alienissimos,
860 2524 991 2600 'denique
1005 2525 1148 2584 inimicis-

127 2609 221 2668 simos
241 2607 298 2667 viri
321 2609 392 2668 boni
414 2610 526 2668 laciunt
549 2615 578 2667 et
599 2607 753 2669 hominum
773 2607 1003 2669 existimationis
1019 2617 1049 2669 et
1065 2625 1147 2668 com-

126 2693 225 2752 munis
246 2691 440 2752 humanitatis
458 2709 566 2751 causa:
587 2701 632 2762 ut,
652 2709 745 2767 quum
764 2690 824 2765 ipsi
846 2692 919 2751 nihil
942 2692 1027 2752 alteri
1047 2692 1146 2751 seien-

128 2785 173 2836 tes
187 2776 453 2848 incommodarint,
476 2775 549 2834 nibil
568 2773 645 2848 ipsis
667 2777 731 2835 iure
746 2774 929 2834 incommodi
947 2777 1056 2835 cadere
1072 2791 1146 2850 pos-

127 2859 174 2919 sit.
208 2859 259 2921 52.
278 2859 328 2919 Ad
344 2859 548 2919 vadimonium
562 2875 623 2918 non
637 2859 728 2919 venit.
759 2857 852 2930 Quis‘t
880 2858 1083 2934 Propinquus.
1112 2859 1145 2920 Si
1179 2910 1182 2915 .

125 2958 175 3002 res
192 2942 251 3003 ista
264 2941 444 3018 gravissima
462 2959 517 3002 sua
534 2951 643 3016 sponte
661 2942 826 3016 videretur,
841 2952 940 3003 tomen
955 2943 1021 3004 eius
1036 2943 1144 3004 atroci·

115 3036 172 3085 ⁴tas
195 3026 428 3087 necessitudinis
449 3025 570 3086 nomine
588 3027 746 3086 levaretur.
786 3027 835 3085 Ad
858 3026 1061 3087 vadimonium
1082 3044 1143 3087 non

124 3109 216 3168 venit.
245 3109 339 3183 Quis?
361 3109 481 3174 Socius.
508 3109 604 3170 Etiam
622 3108 744 3183 gravius
759 3107 873 3184 aliquid
887 3108 915 3168 ei
930 3110 1057 3171 deberes
1071 3126 1141 3169 con-

126 3194 249 3266 cedere,
275 3193 395 3267 quicum
423 3202 451 3253 te
478 3201 529 3253 aut
553 3194 694 3254 voluntas
715 3201 932 3268 congregasset
951 3202 1003 3253 aut
1022 3193 1142 3252 fortuna

117 3276 342 3336 coniunxisset.
366 3279 417 3337 Ad
431 3276 635 3336 vadimonium
650 3293 712 3336 non
727 3277 816 3337 venit.
842 3276 937 3350 Quis?
960 3277 1004 3348 Is,
1022 3274 1073 3349 qui
1088 3276 1141 3334 tibi

62 3373 69 3385 ¹
88 3362 228 3413 praesto
244 3373 378 3430 semper
392 3362 459 3423 luit.
487 3363 572 3439 Ergo
587 3359 620 3422 in
636 3377 722 3434 eum,
737 3358 791 3436 qur
804 3362 901 3422 senrel
910 3360 970 3419 boc
982 3358 1140 3428 commisit,

75 3430 115 3499 ‘l‘
128 3429 337 3508 tl'ltl'prcresto
354 3461 422 3508 non
440 3457 548 3528 esset,
565 3448 676 3527 omnia
689 3448 753 3513 tela
768 3442 948 3515 coniecisti,
961 3447 1160 3517 coaeparata
