2370 3780
123 200 164 262 66
288 195 361 257 PRO
378 196 460 256 SEX.
480 194 617 256 Rosclo
632 195 804 257 AMERINO
821 195 971 258 ORATIO.

87 361 89 365 ’
122 361 222 411 aetum
237 357 284 410 est
298 348 453 410 etidcirco
470 364 552 407 arma
566 355 684 422 sumpta
696 358 780 422 sunt,
794 358 828 409 ut
841 349 978 409 homines
995 352 1139 424 postremi

121 433 260 509 pecuniis
276 433 382 493 alienis
396 433 650 506 locupletarentur
668 433 743 491 etin
765 433 900 493 fortunas
920 433 1012 493 anius
1037 433 1137 494 cuius-

122 533 181 593 que
196 511 340 592 impe'tum
363 517 511 587 lacerent,
539 522 568 574 et
587 514 617 573 id
642 531 702 574 non
728 517 872 576 madore
895 517 1056 591 prohibere
1078 535 1139 577 non

120 602 205 674 lieet,
220 601 275 659 sed
288 615 327 659 ne
340 598 442 658 verbis
456 596 575 672 quidem
586 597 766 672 vituperare,
782 607 843 659 tum
859 616 930 660 vero
943 600 974 659 in
985 600 1044 661 isto
1056 600 1137 661 bello

120 702 180 744 non
196 692 349 744 recreatus
368 697 468 756 neque
481 681 651 752 restitutus,
673 683 727 741 sed
744 683 889 744 subactus
905 700 1138 759 oppressusque

118 770 252 843 populus
274 767 430 827 Romanus
451 773 506 825 est.
542 760 611 824 138.
647 766 760 824 Verum
780 767 871 840 longe
894 767 980 827 aliter
996 774 1052 827 est.
1088 768 1138 826 Ni-

119 850 162 910 hil
183 852 290 911 horum
308 857 368 922 est,
400 846 526 908 iudices.
578 848 645 908 Non
673 849 764 908 modo
790 866 851 909 non
878 851 1013 910 laedetur
1044 866 1139 911 causa

118 933 298 1004 nobilitatis,
320 932 356 992 si·
371 931 437 992 istis
461 931 631 992 hominibus
655 932 817 1005 resistetis,
847 950 952 993 verum
977 934 1065 993 etiam
1090 950 1139 994 or-

119 1019 246 1078 nabitur.
269 1016 398 1077 XLVlll.
422 1015 605 1115 Etenirfflui
619 1016 694 1075 haec
715 1015 886 1090 vituperare
905 1018 1026 1090 volunt,
1044 1017 1138 1094 Chry-

119 1117 268 1176 sogonum
289 1107 402 1159 tantum
417 1115 512 1174 posse
530 1108 712 1174 querunturz
734 1100 785 1173 qui
802 1100 924 1160 laudare
938 1103 1052 1173 volunt,
1066 1117 1138 1160 con-

118 1198 241 1245 cessum
256 1182 284 1242 ei
299 1200 359 1243 non
374 1199 444 1242 esse
458 1191 702 1244 commemorant.
746 1186 792 1243 Ac
813 1183 872 1242 iarn
892 1183 966 1243 nilril
986 1194 1033 1245 est
1053 1184 1139 1258 qaod

119 1268 281 1344 quisquam
305 1275 357 1327 aut
379 1275 439 1326 tarn
465 1269 572 1328 stultus
602 1275 652 1327 aut
677 1276 737 1327 tarn
763 1267 920 1341 improbus
948 1267 987 1328 sit
1014 1266 1064 1342 qui
1093 1267 1137 1326 di-

118 1360 179 1412 cat:
214 1354 320 1413 Vellem
337 1352 453 1425 quidem
470 1355 585 1412 liceret:
611 1353 666 1412 hoe
687 1353 834 1411 dixe'ssem.
862 1351 953 1410 Dicas
967 1351 1046 1411 licet
1074 1351 1139 1410 Hoc

113 1436 260 1510 fecissem.
300 1433 408 1494 Facias
433 1434 519 1495 licet:
541 1451 629 1495 nemo
651 1434 799 1510 prohibet.
845 1435 910 1494 Hoc
937 1436 1136 1495 decrevissem.

116 1521 268 1592 Decerne,
282 1519 374 1579 modo
391 1527 488 1578 recto:
504 1535 610 1580 omnes
625 1518 846 1593 approbabunt.
868 1519 932 1580 Hoc
950 1520 1137 1578 indicassem.

115 1603 296 1664 Laudabunt
315 1618 435 1674 ornnes,
458 1602 583 1663 sirecte
605 1611 635 1663 el
649 1601 753 1662 ordine
774 1602 927 1663 iudicaris.
959 1599 1029 1662 139.
1059 1603 1138 1661 Dum

117 1702 246 1747 necesse
260 1693 324 1747 erat
337 1701 450 1760 resque
465 1684 533 1761 ipsa
548 1687 692 1761 cogebat,
708 1702 787 1745 unus
803 1684 904 1746 omnia
928 1692 1046 1760 poterat
1052 1708 1060 1753 ;
1085 1685 1138 1760 qni

116 1778 326 1845 posteaquam
340 1769 529 1842 magistratus
543 1770 655 1830 creavit
664 1769 809 1844 legesque
825 1768 987 1842 constituit,
1003 1785 1060 1828 sua
1075 1769 1137 1828 cui-

117 1870 177 1928 que
194 1852 366 1928 procuratio
380 1852 606 1928 auctoritasque
623 1861 671 1914 est
684 1853 829 1913 restituta.
861 1853 955 1927 Quam
967 1853 993 1913 si
1005 1851 1137 1913 retinere

117 1938 221 1998 volunt
236 1936 266 2010 ii,
282 1935 333 2011 qui
344 1946 575 2010 recuperarunt,
593 1937 818 2012 inperpetuum
832 1945 972 2011 poterunt
984 1935 1136 1996 obtinere:

117 2021 163 2080 sin
188 2021 244 2081 iras
270 2019 381 2080 caedes
408 2027 437 2080 et
462 2020 585 2096 rapinas
610 2020 708 2081 ethos
732 2028 832 2081 tantos
854 2028 973 2095 tamque
990 2019 1136 2092 profusos

116 2112 255 2179 sumptus
276 2110 328 2163 aut
348 2102 459 2164 facient
481 2113 532 2165 aut
552 2103 775 2179 approbabunt,
798 2105 867 2165 nolo
886 2102 916 2162 in
937 2119 992 2163 eos
1011 2100 1135 2176 gravius

116 2188 282 2262 quidquam
298 2202 337 2245 ne
351 2186 460 2248 ominis
477 2188 600 2262 quidem
615 2204 708 2249 causa
723 2187 842 2260 dicere,
861 2204 955 2246 unum
975 2187 1034 2246 hoc
1049 2185 1136 2247 dicat

115 2271 210 2331 nostri
224 2270 274 2330 isti
288 2270 420 2343 nobiles,
439 2269 498 2330 nisi
512 2271 670 2346 vigilantes
685 2278 716 2332 et
728 2271 802 2331 boni
823 2278 853 2331 et
867 2272 960 2330 fortes
975 2278 1005 2330 et
1018 2269 1134 2328 miseri-

115 2354 225 2414 cordes
240 2362 341 2427 erunt,
365 2353 403 2413 iis
418 2353 605 2427 hominibus,
631 2355 661 2414 in
686 2354 797 2430 quihus
821 2354 897 2413 haec
919 2362 1019 2428 erunt,
1045 2369 1133 2412 orna-

114 2445 214 2497 menta
238 2454 293 2498 sua
315 2438 485 2498 concedant
506 2454 635 2499 necesse
652 2446 708 2498 εει.
741 2436 811 2498 140.
842 2437 1031 2511 Quapropter
1052 2435 1133 2496 desi·

114 2528 187 2580 nant
199 2520 364 2597 aliquando
383 2521 483 2582 dicere
498 2523 576 2581 male
595 2522 727 2596 aliquem
746 2522 879 2582 locutam
903 2536 988 2595 esse,
1014 2520 1040 2580 si
1063 2521 1134 2595 quis

114 2620 187 2664 vere
202 2621 238 2664 ae
253 2605 346 2666 libere
361 2606 482 2666 locutus
493 2604 548 2676 sit,
564 2604 703 2665 desinant
717 2620 802 2665 suam
817 2619 941 2664 causam
957 2620 1024 2664 cum
1040 2603 1132 2679 Chry-

115 2704 232 2763 sogono
248 2688 485 2761 communicare,
500 2688 652 2761 desinant,
674 2688 700 2748 si
714 2688 764 2748 ille
778 2689 882 2748 laesus
897 2687 949 2762 sit,
971 2688 1010 2748 de
1031 2702 1064 2747 se
1078 2688 1133 2744 ali-

115 2772 188 2845 quid
202 2773 367 2833 detractum
382 2771 533 2843 arbitrari,
560 2771 681 2833 videant
706 2788 744 2831 ne
761 2780 847 2846 turpe
868 2771 1071 2845 miserumque
1093 2769 1144 2833 sit.

114 2869 185 2928 eos,
211 2856 264 2930 qui
278 2864 451 2931 equestrem
471 2856 664 2930 splendorem
683 2855 746 2930 pati
765 2872 825 2914 non
848 2862 1024 2930 potuerunt,
1043 2853 1132 2913 ‘servi

114 2938 295 3011 nequissimi
310 2938 543 2999 dominationem
560 2939 638 2999 lerre
654 2956 756 3014 posse.
792 2939 874 3012 Quae
899 2938 1021 3014 quidem
1034 2936 1130 3021 domi-

113 3020 210 3094 natio,
233 3021 365 3096 iudiceS,
391 3022 421 3082 in
438 3023 504 3085 aliis
521 3024 614 3083 rebus
633 3032 722 3083 antea
740 3024 929 3097 versabatur,
955 3020 1035 3082 nune
1055 3037 1130 3082 vero

114 3120 205 3177 quam
215 3107 296 3165 viam
309 3105 441 3177 munitet,
465 3107 547 3180 quod
562 3106 617 3166 iter
632 3108 763 3167 adfectet
779 3106 903 3167 videtis=
921 3106 961 3167 ad
975 3105 1076 3178 fidem,
1090 3104 1130 3164 ad

112 3187 161 3247 ius
181 3186 354 3262 iurandum,
378 3190 418 3248 ad
433 3190 544 3250 iudicia
558 3199 675 3266 vestra,
697 3191 736 3251 ad
753 3190 800 3264 id,
816 3191 899 3265 quod
919 3191 1018 3250 solum
1032 3204 1131 3264 prope

99 3269 135 3323 in
149 3270 274 3330 civitate
287 3273 442 3333 sincerum
457 3282 654 3350 sanctumque
674 3282 776 3334 restat.
817 3270 886 3333 141.
922 3273 1019 3333 Hicne
1040 3273 1129 3333 etiam

82 3359 160 3404 ³⁶³0
169 3358 266 3421 putat
278 3355 402 3432 aliquid
413 3377 515 3436 posse
528 3356 835 3439 chrysogonusttuo
843 3357 1049 3430 elramqntens
1060 3371 1131 3415 esse

68 3425 162 3483 rnltst
187 3429 216 3487 0
236 3452 310 3498 rem
333 3441 488 3517 miseram
512 3457 612 3528 atque
635 3447 801 3510 acerbamt
827 3435 1152 3515 sequestraremus
