2370 3780
126 206 168 272 lo
304 206 378 268 PRO
398 207 432 281 O.
455 206 594 269 ROSCIO
615 206 797 270 COMOEDO
818 208 970 270 ORATIO.

127 358 266 437 possidet
288 359 318 419 in
340 376 389 420 se:
419 376 509 435 quem
538 362 671 435 populus
690 362 846 422 Romanus
868 362 1025 422 meliorem
1049 360 1145 423 virum

126 461 220 520 quam
243 443 419 504 histrionem
440 460 511 504 esse
534 443 707 504 arbitratum
736 446 788 520 qui
815 445 857 506 ita
876 445 1076 520 dignissimus
1100 454 1146 507 est

127 545 240 590 scaena
256 538 381 603 propter
405 527 577 598 artificium,
601 535 634 587 ut
650 526 846 602 dignissimus
864 528 903 589 sit
918 529 1002 590 ouria
1019 538 1145 604 propter

125 610 346 673 abstinentiam.
369 610 418 672 18.
437 610 499 670 Sed
516 611 589 685 quid
604 627 661 685 ego
678 611 800 687 ineptus
817 613 856 671 de
871 613 983 673 Roscio
1002 613 1087 686 apud
1100 611 1144 671 Pi·

125 712 233 758 sonem
248 694 339 755 dicct
359 696 496 770 Ignotum
507 693 659 754 hominem
670 695 785 755 scilicet
795 695 932 770 pluribus
950 696 1051 755 verbis
1065 712 1144 756 corn·

125 780 247 840 mendo.
268 778 361 838 Estne
379 778 539 853 quisquam
556 777 689 838 omnium
704 778 886 851 mortalium,
903 781 941 839 de
959 795 1019 854 quo
1037 780 1144 840 melius

126 862 282 924 existimes
306 868 360 922 tut
384 862 479 921 Estne
495 861 658 936 quisquam
681 861 732 936 qui
757 862 808 922 tibi
829 862 947 936 purior,
973 863 1144 937 pudentior,

126 945 299 1017 humanior,
327 944 494 1005 officiosior
508 944 721 1020 liberaliorque
738 944 894 1005 videatur‘t
922 946 1001 1019 Quid
1022 955 1069 1020 tu,
1090 945 1145 1007 Sa·

127 1029 199 1102 turi,
223 1028 274 1103 qui
297 1036 401 1088 contra
416 1029 495 1088 hunc
513 1029 613 1102 venis,
631 1028 787 1089 existimas
805 1030 911 1089 aliter?
929 1031 1052 1104 Nonne,
1070 1047 1144 1105 quo

125 1112 335 1185 tienscumque
350 1112 380 1172 in
397 1128 491 1173 causa
504 1112 533 1171 in
545 1129 654 1174 nornen
671 1112 761 1173 huius
778 1111 924 1186 incidisti,
940 1113 1052 1174 totiens
1066 1115 1145 1173 hunc

126 1197 261 1256 elvirum
270 1195 460 1256 bonumesse
472 1195 575 1257 dixisti
587 1205 616 1257 et
627 1196 752 1257 honoris
764 1212 857 1256 causa
869 1197 1050 1273 appellastit
1063 1197 1145 1272 quod

125 1295 215 1340 nemo
233 1279 292 1340 nisi
309 1289 360 1341 aut
375 1280 590 1341 honestissimo
603 1288 654 1340 aut
664 1279 847 1340 amicissimo
860 1280 960 1340 lacere
977 1281 1144 1342 consuevit

126 1361 175 1424 19.
198 1364 263 1438 Oua
283 1361 313 1423 in
333 1381 367 1423 re
388 1363 459 1423 milri
475 1364 601 1423 ridicule
623 1380 656 1423 es
679 1364 764 1423 visus
787 1380 857 1424 esse
880 1362 1072 1438 inconstonS,
1094 1364 1145 1438 qui

126 1448 265 1508 eumdem
284 1455 313 1508 et
333 1448 471 1507 laederes
488 1455 517 1506 et
531 1449 670 1507 laudares
687 1455 717 1507 et
731 1447 825 1507 virum
843 1447 986 1522 optimum
1005 1455 1035 1508 et
1051 1448 1145 1508 homi·

124 1549 196 1592 nem
218 1531 474 1606 improbissimum
491 1547 562 1590 esse
583 1531 711 1592 diceres.
745 1531 892 1591 Eumdem
913 1539 945 1592 tu
969 1541 999 1592 et
1019 1526 1144 1592 honoris

126 1630 220 1676 causa
234 1615 411 1690 appellabas
427 1623 457 1674 et
467 1614 564 1674 uirum
574 1613 749 1689 primarium
761 1631 831 1675 esse
845 1613 968 1674 dicebas
981 1623 1011 1676 et
1027 1614 1144 1676 socium

126 1698 287 1758 fraudasse
301 1699 460 1771 arguebas.
484 1697 554 1771 Sed,
574 1706 607 1758 ut
623 1697 747 1773 opinor,
765 1698 884 1758 laudem
900 1696 1019 1758 veritati
1034 1698 1143 1759 tribua-

125 1782 196 1853 bas,
215 1782 326 1840 crimen
338 1781 451 1855 gratiae
463 1782 670 1841 concedebas:
686 1782 724 1840 de
736 1782 795 1842 hoc
807 1789 838 1841 ut
849 1780 1044 1843 existimabas
1058 1799 1142 1856 prae-

127 1865 267 1925 dicabas:
285 1864 437 1925 Chaereae
450 1863 595 1926 arbitratu
611 1881 734 1924 causam
751 1867 873 1939 agebas.

208 1949 274 2007 Vll.
295 1947 458 2009 Fraudavit
472 1948 613 2008 Roscius.
644 1948 699 2008 Est
719 1949 777 2010 hcc
798 1947 922 2023 'quidem
943 1949 1067 2009 auribus
1083 1949 1143 2009 ani-

126 2030 246 2106 misque
261 2032 415 2092 hominum
430 2032 604 2092 absurdum.
628 2032 720 2106 Ouid,
744 2032 770 2093 si
786 2032 906 2093 tandem
921 2032 1053 2106 aliquem
1069 2032 1143 2093 timi·

126 2119 198 2177 dum
218 2115 355 2189 divitem,
375 2117 559 2188 dementem,
582 2116 708 2176 inertem
723 2125 830 2177 nactus
845 2125 927 2176 esset
944 2115 996 2190 qui
1013 2114 1145 2193 experiri

126 2218 186 2261 non
199 2207 326 2275 possetl
343 2208 442 2260 tamen
452 2199 628 2260 incredibile
646 2209 736 2260 esset.
759 2199 808 2261 20.
821 2201 933 2258 Verum
946 2207 1042 2259 tamen
1056 2216 1144 2274 quem

127 2283 272 2344 fraudarit
288 2283 455 2344 videamus.
488 2285 520 2343 C.
537 2283 683 2343 Fannium
702 2284 864 2343 Chaeream
879 2282 1009 2343 Roscius
1025 2283 1143 2344 frauda·

127 2366 177 2428 vit.
205 2366 263 2427 Oro
275 2375 366 2441 atque
379 2369 507 2427 obsecro
519 2384 589 2441 voe,
608 2367 660 2442 qui
672 2363 783 2438 nostis,
799 2367 890 2426 vitam
900 2365 977 2427 inter
987 2383 1021 2427 se
1036 2369 1144 2427 uuius-

127 2467 187 2526 que
204 2451 354 2511 conferte:
374 2449 501 2526 quinon
520 2451 633 2523 nostis,
651 2449 757 2510 faciem
775 2448 932 2524 utriusque
943 2450 1144 2511 considerate.

126 2535 232 2594 Nonne
249 2535 349 2608 ipsum
372 2544 463 2608 caput
486 2544 515 2595 et
532 2533 694 2608 supercilia
714 2533 764 2610 illa
786 2532 907 2609 penitus
929 2534 1039 2594 abraso
1062 2535 1144 2595 olere

125 2617 267 2677 malitiam
284 2624 313 2676 et
336 2618 488 2678 clamitare
505 2618 695 2678 calliditatem
711 2617 871 2678 videntur?
901 2618 1006 2678 Nonne
1022 2619 1060 2677 ab
1077 2617 1158 2677 imis'
1176 2690 1178 2697 Ι

125 2701 277 2775 unguibus
294 2717 393 2774 usque
407 2702 447 2760 ad
461 2701 604 2762 verticem
616 2700 823 2772 summum‚.'si
839 2718 928 2775 quam
941 2701 1144 2762 coniecturam

127 2785 225 2844 adfert
239 2782 412 2844 hominibus
429 2784 520 2844 tacita
535 2784 674 2858 corporis
685 2786 795 2860 figura,
814 2800 852 2843 ex
869 2785 988 2857 lraude,
1008 2784 1144 2858 lallaeiiS,

125 2867 291 2928 mendaciis
314 2875 452 2927 constare
470 2875 548 2928 totus
564 2869 704 2929 videtur?
729 2867 780 2943 qui
803 2866 916 2928 idcirco
934 2867 1032 2941 capite
1048 2876 1079 2927 et
1094 2885 1143 2928 su-

124 2950 259 3026 perciliis
277 2967 397 3026 semper
415 2961 462 3011 est
478 2951 573 3024 rasiS,
597 2969 635 3011 ne
651 2953 743 3011 ullum
762 2951 853 3025 pilum
871 2951 926 3011 viri
942 2951 1013 3011 boni
1031 2952 1144 3012 habere

126 3033 258 3094 dicatur:
275 3035 361 3095 cuius
374 3051 536 3109 personam
547 3035 839 3110 praeclareRosoius
851 3035 882 3095 in
894 3050 1006 3094 scaena
1017 3042 1144 3095 mactare

126 3117 299 3190 consuevit,
317 3135 417 3193 neque
432 3127 533 3179 tamen
547 3136 601 3194 pro
614 3119 763 3179 beneficio
781 3119 808 3178 ei
826 3135 879 3192 par
895 3118 990 3192 gratia
1005 3120 1144 3178 refertur.

124 3200 199 3260 Nam
214 3202 379 3262 Ballionem
394 3203 475 3262 illum
493 3201 748 3278 improbissimum
765 3211 795 3262 et
810 3201 1049 3276 periurissimum
1059 3201 1144 3262 leno—

124 3301 192 3345 nem
209 3303 300 3360 quum
317 3286 392 3359 agit,
415 3285 476 3360 agit
493 3286 671 3346 Chaeream=
695 3302 827 3361 persona
843 3285 894 3345 illa
911 3287 1071 3357 lutulenta,
1088 3285 1143 3344 im-

104 3383 205 3438 pura,
221 3367 323 3452 inuisa
340 3370 371 3429 in
387 3369 480 3432 buius
497 3369 650 3444 moribus,
664 3377 772 3430 natura
785 3370 909 3442 uitaque
924 3378 1143 3442 estexpressa.

61 3518 63 3522 ,
90 3443 158 3537 Qus
171 3453 380 3523 quamobrem
397 3457 554 3522 Roscium
578 3457 714 3521 similem
734 3453 788 3517 sui
803 3453 842 3516 in
861 3450 970 3510 tcaude
995 3458 1030 3508 et
1044 3449 1161 3506 malxus
