2370 3780
115 312 155 374 16
379 313 453 374 PRO
473 314 505 373 P.
528 314 703 387 Qb'lh'CTlO
726 313 877 376 ORATIO.

115 475 204 525 retus
219 474 283 526 est=
300 468 338 527 de
352 483 459 526 scauro
480 470 568 526 mutto
578 467 704 538 facilius
717 468 833 527 diuitem
846 486 935 543 quum
944 478 1065 543 putrem
1082 472 1141 543 sa·

114 553 212 609 mitius
223 553 293 618 fieri
301 567 395 625 posse.
411 549 550 614 56.Huec
559 550 624 617 ille,
637 549 663 609 si
672 551 772 611 verbis
781 567 841 610 non
853 553 959 621 audet,
973 568 1005 610 re
1019 553 1141 627 quidem

116 649 189 691 vera
202 634 300 707 palam
314 635 456 708 loquitur.
470 633 587 693 Etenim
600 633 627 692 si
635 635 991 694 rultrirorumbonorum
1004 635 1140 697 instituto

116 718 234 788 rivere,
256 719 348 776 multa
362 725 482 791 oportet
499 717 597 776 dis'cat
613 725 706 791 atque
718 716 871 777 dediscat:
889 736 1016 793 quorum
1034 720 1075 779 illi
1090 738 1140 780 ae-

116 800 168 860 tati
179 809 338 874 utrumque
352 801 475 860 dillicile
487 808 541 859 est.
562 800 668 859 XVlll.
681 801 747 860 h'on
761 801 911 873 dubitari,
925 802 1033 877 inquit,
1047 821 1140 876 qumn

115 883 322 943 vadimonium
343 884 496 943 desertum
516 891 613 953 esset,
641 883 722 943 bona
743 885 945 960 proscribere.
984 887 1139 961 Improbe:

116 984 221 1026 verum
237 967 380 1042 quoniam
394 977 424 1026 tu
441 967 471 1026 id
487 966 540 1026 tibi
556 967 689 1041 adrogas
703 975 733 1027 et
747 969 874 1027 concedi
894 970 1046 1043 postulas,
1068 987 1140 1029 con-

116 1051 272 1110 cedamus.
300 1051 394 1123 Quid,
416 1052 440 1110 si
457 1067 620 1125 numquam
636 1049 786 1123 deseruit,
807 1053 833 1110 si
854 1051 912 1111 ista
932 1069 1025 1112 causa
1040 1055 1096 1112 alas
1111 1063 1140 1113 te

116 1142 180 1194 tota
197 1150 253 1208 per
267 1150 413 1195 summam
435 1135 571 1193 lraudem
592 1142 621 1193 et
641 1134 782 1195 malitiam
798 1136 942 1207 interest,
964 1135 991 1195 si
1007 1136 1140 1196 radimo-

117 1218 200 1276 nium
219 1218 342 1277 omnino
358 1217 411 1277 tibi
430 1234 499 1277 cunr
519 1218 550 1276 Ρ.
569 1216 707 1290 Quinctio
727 1221 841 1280 nullum
863 1219 933 1291 luit,
955 1237 1016 1293 quo
1036 1230 1065 1280 te
1086 1237 1138 1280 no-

116 1301 198 1360 mine
212 1303 424 1376 appellemus?
437 1302 631 1376 Improbum?
645 1303 686 1361 At
698 1303 788 1362 etiam
800 1304 826 1361 si
842 1305 994 1362 desertum
1007 1304 1139 1364 radimo-

116 1385 199 1443 nium
215 1393 314 1456 esset,
335 1395 435 1445 tamen
457 1385 487 1444 in
503 1385 561 1444 ista
581 1385 786 1458 postulatione
803 1395 832 1446 et
846 1386 1070 1461 proscriptione
1085 1388 1138 1447 bo-

116 1485 225 1527 norum
241 1468 485 1544 improbissimus
500 1468 701 1543 reperiebare.
729 1469 936 1530 Malitiosam?
956 1487 1016 1529 non
1034 1487 1138 1545 negas.

115 1553 373 1613 Fraudulentumt
400 1553 459 1610 iam
480 1552 510 1610 id
530 1551 652 1626 uiridem
672 1552 804 1627 adrogas
824 1553 876 1613 tibi
896 1561 927 1613 et
951 1555 1139 1629 praeclarum

115 1645 216 1711 putas.
248 1639 428 1697 Audacem?
448 1635 616 1710 cupidum?
634 1636 857 1709 perfidiosum?
877 1637 1013 1710 uulgaria
1035 1644 1065 1695 et
1085 1638 1138 1695 ob·

116 1722 214 1780 soleta
229 1731 315 1791 suut3
338 1737 388 1779 res
408 1728 510 1780 autem
527 1735 608 1778 nora
619 1727 712 1792 atque
727 1719 870 1780 inaudita.
901 1717 951 1780 57.
973 1719 1050 1793 Quid
1065 1736 1138 1793 ergo

116 1810 185 1862 est?
203 1806 322 1863 Vereor
336 1803 508 1861 mehercule
522 1819 561 1861 ne
575 1812 626 1862 aut
638 1803 829 1876 gravioribus
840 1814 906 1863 utar
917 1804 1033 1863 verbis.
1049 1820 1139 1877 quam

116 1889 309 1958 naturalem,
328 1896 381 1946 aut
401 1886 582 1959 levioribus
604 1902 695 1960 <partun
712 1903 806 1948 causa
828 1888 967 1962 postulat.
998 1887 1054 1945 ‚lis
1070 1903 1140 1945 esse

115 1971 321 2029 vadimonium
337 1971 499 2030 desertum.
531 1968 686 2043 Quaesivit
700 1987 719 2028 a
733 1979 762 2030 te
777 1970 891 2041 statim,
906 1978 939 2029 ut
953 1971 1077 2029 Romam
1093 1987 1139 2028 rc-

117 2055 186 2124 diit,
208 2052 380 2126 Quinctius,
400 2069 461 2127 quo
483 2053 532 2112 dic
546 2052 750 2112 vadimonium
774 2054 852 2114 istuc
871 2055 980 2112 lactum
1001 2068 1072 2111 esse
1096 2053 1138 2110 di-

117 2154 214 2197 ceres.
241 2137 439 2211 Respondisti
460 2138 576 2196 statim=
600 2135 695 2195 h'onis
715 2136 896 2197 Februariis.
922 2136 1092 2194 Discedens
1110 2137 1139 2195 in

116 2221 291 2280 memoriam
312 2222 400 2281 rediit
418 2220 588 2293 Quinctius,
612 2236 673 2293 quo
699 2221 748 2281 die
762 2222 859 2279 Roma
878 2219 907 2278 in
924 2219 1049 2277 Galliam
1070 2236 1139 2293 pro-

116 2308 215 2364 l'ectus
233 2305 281 2364 sit.
293 2340 325 2347 —
336 2306 384 2362 Ad
400 2303 625 2378 ephemeridem
640 2305 813 2364 revertitur:
829 2303 979 2362 invenitur
990 2302 1056 2361 dies
1069 2320 1139 2377 pro-

118 2388 274 2459 fectionis,
295 2388 392 2462 pridie
412 2388 479 2446 Kal.
499 2386 689 2446 Februarias.
724 2387 819 2448 h'onis
839 2386 1011 2446 Februariis
1032 2387 1057 2445 si
1078 2389 1137 2446 Ro-

118 2489 185 2530 mae
206 2472 275 2542 luit,
298 2488 409 2530 causae
430 2471 502 2530 nihil
522 2470 651 2529 dicimus
672 2472 744 2545 quin
764 2469 818 2530 tibi
838 2471 1044 2530 vadimonium
1069 2487 1137 2545 pro-

117 2556 241 2616 miserit.
271 2553 322 2615 58.
344 2554 443 2628 Quina
472 2554 530 2614 hoc
550 2553 677 2614 inveniri
696 2553 749 2630 qui
769 2561 893 2633 potest?
922 2555 1078 2613 Proiectus
1093 2562 1139 2612 est

117 2657 176 2698 una
190 2641 224 2698 L.
238 2638 362 2708 Albius,
386 2638 476 2697 homo
499 2638 691 2711 cumprimis
715 2638 872 2698 honestus.
899 2637 984 2695 Ilicet
1005 2637 1137 2696 testimo-

117 2722 208 2782 nium.
251 2721 406 2781 Prosecuti
433 2729 503 2780 sunt
523 2721 685 2780 familiares
707 2729 736 2795 et
760 2721 881 2779 Albium
909 2729 938 2780 et
958 2721 1137 2793 Quinctium.

116 2807 224 2866 Dicent
246 2805 277 2864 hi
302 2822 427 2879 quoque
443 2804 655 2864 testimonium.
683 2805 812 2864 Litterae
827 2803 858 2861 P.
876 2804 1020 2877 Quinctii,
1043 2812 1137 2863 testes

116 2898 174 2959 tot,
195 2890 306 2965 quihus
328 2888 468 2948 omnibus
491 2904 585 2947 causa
606 2888 771 2948 iustissima
792 2896 840 2946 est
858 2903 913 2946 cur
931 2889 1009 2947 scire
1032 2896 1137 2961 potue-

116 2972 184 3043 rint,
204 2974 286 3032 nulla
305 2989 360 3031 cur
379 2972 574 3042 mentiantur,
602 2988 671 3030 cum
693 2970 889 3044 astipulatore
908 2980 960 3030 tuo
982 2985 1137 3043 compara-

115 3057 236 3115 buntur.
261 3055 311 3116 59.
329 3057 366 3115 Et
380 3056 409 3114 in
423 3055 481 3114 hac
496 3055 562 3114 eius
573 3055 655 3114 modi
667 3072 761 3114 causa
774 3053 805 3111 P.
817 3054 973 3126 Quinctius
991 3052 1139 3112 laborabit

116 3148 147 3198 et
160 3139 272 3198 diutius
295 3139 325 3198 in
339 3148 421 3199 tanto
436 3148 517 3198 metu
531 3138 624 3198 miser
636 3138 833 3213 periculoque
853 3138 1022 3198 versabitur
1042 3146 1073 3196 et
1085 3153 1137 3194 re-

117 3221 286 3281 hementius
307 3240 375 3282 eum
390 3223 486 3296 gratia
499 3221 665 3281 adversarii
682 3220 872 3296 perterrebit,
894 3240 983 3296 quam
999 3220 1077 3280 tides
1093 3220 1137 3278 iu-

117 3304 195 3364 dicis
211 3307 439 3366 consolabitur?
452 3306 536 3365 Vixit
549 3305 629 3365 enim
641 3321 762 3378 semper
772 3303 883 3364 inculte
895 3315 987 3380 atque
997 3303 1136 3363 horride:

100 3396 214 3442 natum
244 3389 326 3446 tristi
348 3406 388 3449 ac
405 3390 567 3451 recondita
590 3388 659 3449 luit:
687 3404 749 3447 non
771 3389 811 3446 ad
834 3389 992 3458 solarium,
1024 3403 1083 3446 non
1106 3387 1137 3445 in

82 3472 215 3535 ‘'³¹1¹st02
241 3472 364 3531 nonin
389 3475 550 3537 conniriis
574 3482 720 3536 uersatus
740 3480 805 3533 est=
828 3470 866 3531 id
882 3473 964 3545 egit,
976 3478 1017 3527 ut
1030 3468 1151 3525 anticos

61 3532 291 3627 ⁰⁶⁸ervantia,
311 3570 386 3618 rem
399 3560 611 3635 parcimonia
625 3558 790 3622 retineret.
824 3554 995 3628 bubonam
1008 3547 1168 3607 othelm-
