2370 3780
348 215 430 278 ch.
444 223 575 278 lt·-·45.
596 218 623 282 S·
638 223 733 276 122-
743 221 802 278 1³0.
1044 214 1086 281 63

53 370 134 432 ocio
149 368 271 430 rediens
286 383 413 428 acoena
422 368 538 428 Romae
554 364 677 428 occisus
691 373 748 426 est.
778 365 811 426 Si
824 368 901 441 lege,
917 365 998 427 bone
1009 385 1084 443 quo-

66 471 126 532 que
143 456 210 529 lege
227 453 350 514 venisse
371 453 483 522 fateor,
512 449 559 509 sin
580 458 680 510 autem
699 457 834 523 constat,
856 458 961 510 contra
979 467 1085 512 ornnes

64 555 127 599 non
142 537 232 598 modo
245 544 365 597 veteres
379 535 479 608 leges,
502 550 607 594 verina
626 534 716 593 etiam
738 549 836 593 novas
853 534 989 595 occisam
1003 550 1083 607 esse,

64 622 147 681 bona
161 637 221 696 quo
233 619 299 680 iure
313 625 366 677 aut
379 635 440 693 quo
454 617 545 678 modo
561 626 613 678 aut
627 634 688 692 qua
703 617 770 690 lege
790 616 940 678 venierint
959 633 1085 692 quaero.

63 704 166 764 XLIV.
182 700 252 766 127.
274 703 309 760 In
327 716 417 776 quern
432 701 491 761 lroc
502 700 600 761 dlcarn
612 700 743 776 quaeris,
759 700 872 760 Eruci?
886 701 952 761 Non
965 700 994 760 in
1007 717 1086 774 eum,

65 787 217 864 quemvis
233 793 375 860 etputas.
417 785 492 844 Nam
508 784 623 846 Sullam
642 791 672 844 et
686 784 782 845 oratio
803 785 929 846 meaab
949 785 1033 845 initio
1055 795 1086 844 et

63 871 162 948 ipsius
177 862 289 931 eximia
303 867 399 929 virtus
415 868 649 944 omnitempore
663 866 813 942 purgavit.
850 868 915 943 Ego
930 868 1006 928 haec
1022 884 1085 929 om-

64 955 115 1016 nia
130 953 364 1030 Chrysogonum
379 952 490 1012 iecisse
506 951 586 1025 dico,
601 959 634 1011 ut
647 950 855 1024 ementiretur,
871 960 903 1012 ut
917 953 1029 1014 malum
1044 952 1084 1011 ci·-

16 1059 20 1065 ·
62 1055 132 1100 vern
146 1035 292 1098 Roscium
307 1036 402 1096 luisse
415 1036 558 1110 lingeret,
572 1042 606 1094 ut
619 1051 688 1095 euna
701 1035 783 1110 apud
797 1035 992 1096 adversarios
1005 1035 1085 1096 occi-

64 1139 132 1184 sum
149 1136 220 1180 esse
243 1119 369 1193 diceret,
390 1127 424 1180 ut
442 1119 528 1178 hisee
543 1119 581 1178 de
598 1118 690 1178 rebus
711 1134 730 1177 a
748 1118 856 1193 legatis
872 1120 1085 1181 Amerinorum

62 1202 169 1265 doceri
182 1203 216 1262 L.
237 1203 350 1263 Sullam
366 1219 480 1278 passus
501 1218 562 1261 non
583 1201 631 1262 sit.
675 1201 814 1277 Denique
834 1201 923 1263 etiarn
943 1203 1017 1263 illud
1035 1219 1084 1263 sa-

64 1289 181 1364 spicor,
200 1284 321 1348 omnino
335 1286 411 1346 haee
433 1287 514 1346 bona
529 1302 591 1345 non
606 1285 744 1346 venisse:
760 1285 794 1353 id
810 1286 893 1359 quod
914 1294 1035 1360 postea,
1058 1287 1085 1347 si

62 1388 121 1447 per
138 1387 209 1442 vos,
225 1370 357 1442 iudiceS‚
372 1370 486 1430 licitum
500 1369 565 1440 erit,
581 1369 743 1444 aperietur.
772 1366 841 1430 128.
876 1368 990 1444 Opinor
1005 1369 1085 1431 eninr

63 1471 135 1516 esse
149 1453 179 1514 in
196 1455 277 1528 lege,
297 1470 388 1529 quarn
408 1453 447 1513 ad
469 1453 549 1513 diem
569 1452 809 1529 proscriptiones
833 1453 1085 1528 venditionesque

63 1539 151 1598 fiant:
168 1536 305 1598 nimirum
319 1553 360 1596 an
373 1551 531 1596 animans
544 1552 656 1597 rumas.
691 1537 818 1611 Aliquot
830 1545 903 1611 post
917 1553 1040 1599 menses
1055 1548 1086 1598 et

62 1621 153 1682 homo
174 1623 296 1687 occisus
317 1628 365 1680 est
385 1628 415 1681 el
434 1621 516 1681 bona
536 1620 659 1680 venisse
680 1620 840 1686 dicuntur„
862 1621 1010 1680 Proiecto
1034 1630 1087 1680 eut

62 1703 138 1766 lraec
154 1704 236 1766 bona
249 1704 280 1764 in
291 1703 410 1765 tabulas
421 1703 559 1780 publicas
573 1705 655 1764 nulla
667 1704 823 1765 rediemnt
837 1719 957 1779 nosque
971 1704 1009 1764 ab
1025 1704 1083 1765 isto

62 1789 215 1849 nebulone
231 1788 359 1848 facetius
371 1788 521 1849 eludimur
535 1805 626 1864 quarn
638 1795 789 1862 putamus,
805 1796 866 1860 aut,
883 1787 909 1848 si
921 1789 1083 1862 redierunt,

62 1873 182 1932 tabulae
204 1870 344 1946 publicae
364 1880 525 1946 corruptae
546 1873 648 1946 aliqua
666 1871 783 1933 ratione
807 1878 885 1931 sunt.
915 1871 996 1931 Nam
1016 1873 1085 1947 lege

63 1954 185 2031 quidem
199 1954 281 2016 bona
295 1954 399 2015 venire
414 1971 473 2015 non
488 1953 628 2029 potuisse
643 1963 771 2017 constat.
798 1952 935 2029 lntelligo
951 1971 1000 2015 me
1015 1966 1085 2015 ante

61 2046 199 2111 tempus,
213 2037 347 2112 iudices,
364 2038 441 2098 haec
454 2037 582 2101 scrutari
601 2046 631 2099 et
643 2039 865 2113 propemodum
883 2054 1000 2112 errare,
1017 2038 1084 2112 qui,

63 2137 157 2195 quum
171 2119 264 2195 capiti
283 2116 355 2182 Seri.
369 2121 474 2201 Roscii
493 2120 608 2183 mederi
631 2122 774 2194 debeam,
794 2121 951 2183 reduviam
972 2137 1083 2182 curem.

61 2203 129 2265 Non
144 2202 222 2264 enirn
239 2204 356 2266 laborat
370 2206 408 2266 de
424 2206 566 2281 pecuniae
588 2221 648 2265 non
663 2204 754 2266 ullius
770 2203 918 2265 rationem
934 2206 983 2266 sui
1002 2221 1083 2266 com·

61 2286 146 2347 modi
164 2284 262 2351 duom
279 2288 367 2349 lacile
384 2297 550 2363 egestatem
565 2304 651 2348 suarn
665 2304 701 2348 se
717 2289 845 2349 laturum
859 2297 960 2363 putat,
982 2289 1008 2349 si
1026 2288 1085 2349 lrac

61 2369 186 2446 indigna
198 2369 496 2444 suspicioneetficto
509 2370 632 2434 crimine
643 2371 787 2432 liberatus
800 2370 849 2432 sit.
875 2370 944 2433 129.
969 2374 1085 2433 Verum

63 2469 180 2529 quaeso
196 2470 214 2514 a
228 2453 332 2527 vobis,
356 2454 491 2525 iudices,
514 2463 547 2525 ut
566 2455 643 2516 haec
662 2471 775 2530 pauca,
796 2471 875 2530 quae
890 2464 1018 2527 restant,
1043 2455 1085 2516 ita

62 2535 207 2608 audiatis,
228 2545 261 2597 ut
275 2539 383 2612 partim
397 2554 445 2598 me
463 2539 566 2605 dicere
585 2554 641 2612 pro
663 2555 711 2598 me
734 2538 803 2613 ipso
826 2539 953 2614 putetis,
976 2537 1085 2616 partim

62 2636 119 2695 pro
135 2619 207 2680 Sex.
221 2620 345 2682 Roscio.
374 2621 457 2696 Quae
471 2622 552 2682 enim
566 2621 639 2683 mihi
653 2620 712 2696 ipsi
725 2621 850 2696 indigna
864 2632 894 2684 et
912 2621 1083 2685 intolerabi-

62 2703 103 2763 lia
125 2703 264 2764 videntur
284 2721 427 2781 quaeque
446 2706 486 2766 ad
500 2722 628 2778 omnes,
648 2704 706 2766 nisi
725 2706 937 2781 providemus,
957 2706 1085 2767 arbitror

62 2786 223 2862 pertinere,
239 2803 276 2847 ea
285 2804 341 2862 pro
355 2805 405 2850 me
415 2787 484 2863 ipso
499 2805 540 2848 ex
553 2788 644 2850 animi
659 2787 719 2873 mei
733 2804 876 2851 sensuzae
891 2790 997 2851 dolore
1012 2806 1084 2865 pro-

62 2869 190 2930 nuncio:
218 2887 297 2946 quae
316 2871 355 2931 ad
375 2871 465 2932 huius
488 2871 569 2932 vitae
583 2889 688 2933 casum
708 2889 894 2951 causamque
913 2873 1085 2948 pertineant

62 2953 181 3027 etquid
196 2953 245 3014 hic
259 2970 315 3028 pro
333 2971 368 3014 se
382 2954 443 3016 dici
458 2954 531 3016 velit
543 2964 574 3016 et
588 2973 649 3031 qua
662 2955 843 3019 condicione
864 2965 1023 3018 contentus
1044 2956 1084 3018 sit

62 3033 122 3095 ianr
145 3035 176 3095 in
199 3045 334 3097 extrema
358 3037 504 3099 oratione-
520 3049 639 3113 nostra,
660 3039 794 3114 iudices,
810 3039 958 3101 audietis.
993 3041 1082 3101 XLV.

63 3117 134 3181 130.
167 3119 232 3194 Ego
252 3119 328 3180 haec
350 3137 369 3181 a
392 3120 608 3199 Chrysogono,
634 3139 702 3184 mea
720 3134 846 3198 sponte,
873 3133 989 3185 remoto
1011 3123 1082 3183 Sex.

61 3202 193 3276 Roscio,
209 3218 339 3278 quaero:
354 3203 483 3280 primurn
498 3222 593 3281 quare
608 3206 684 3267 civis
706 3207 810 3282 optimi
824 3207 906 3267 bona
926 3207 1082 3276 venierint,

62 3286 173 3347 deinde
186 3287 500 3363 quarehominiseIus,
509 3288 675 3366 quineque
686 3291 877 3366 proscriptus
888 3307 988 3366 neque
1001 3290 1085 3361 apud

62 3369 256 3432 adversarios
272 3372 395 3435 occisus
409 3382 473 3451 est,
485 3374 573 3438 bona
582 3373 754 3449 venierint,
773 3373 932 3448 quarum
942 3386 1005 3426 eos
1020 3367 1115 3418 sauss

50 3451 104 3510 ’ΒΧ
117 3470 170 3514 ⁸⁶!
168 3455 232 3530 ¹1²²a
247 3456 302 3535 sit,
323 3459 441 3527 deinde
454 3479 557 3544 quare
572 3462 744 3544 aliquanta
752 3462 923 3538 posteaux
933 3431 1155 3511 avenasque<
