2370 3780
98 187 140 253 52
263 184 337 248 PRO
352 185 436 248 SEX.
448 183 586 247 Roscio
602 183 777 248 Annnssto
794 183 946 247 ORATIO.

96 342 134 400 ab
150 338 323 401 innocentia
342 336 612 411 clementissimus,
631 346 730 399 tamen
750 335 838 398 facile
858 351 906 399 me
926 345 1049 414 paterer
1070 339 1118 399 vel

95 423 148 484 itio
163 423 231 507 ipso
246 422 393 484 acerrimo
409 421 509 483 iudice
524 430 687 496 quaerente
703 423 751 482 vel
765 422 847 499 apud
862 420 1027 484 Cassianos
1042 419 1119 482 iudi

97 524 165 579 ces,
180 524 309 582 quorum
324 505 414 567 etiam
429 522 508 567 nunc
522 505 551 579 ii,
566 503 676 581 quibus
689 523 782 567 causa
793 506 923 566 dicenda
937 512 993 579 est,
1007 520 1120 587 nornen

96 592 196 666 ipsum
207 589 419 662 reformidant,
440 606 496 665 pro
514 589 585 649 Sex.
600 588 714 650 Roscio
730 588 842 649 dicere.
873 588 976 649 XXXI.
1001 585 1053 651 Sd
1086 587 1120 649 ln

96 674 155 735 hac
166 674 246 735 enim
263 690 357 734 causa
375 690 466 748 quum
483 671 619 732 viderent
639 671 709 732 illos
724 671 942 748 amplissimam
956 671 1120 747 pecuniam

95 757 273 834 possidere,
295 758 376 818 hunc
397 755 428 816 in
449 771 566 833 summa
585 754 776 816 mendicitate
798 771 884 829 esse,
902 754 976 816 illud
996 755 1120 831 quidem

95 858 158 902 non
174 847 368 917 quaererent,
383 839 432 900 cui
446 840 528 900 bono
542 837 665 912 fuisset,
682 839 746 912 sed,
764 854 800 898 eo
816 837 990 915 perspicuo,
1005 837 1119 899 crimen

96 934 127 987 et
151 924 360 1001 suspicionem
382 922 485 1000 potius
506 923 544 982 ad
569 923 714 998 praedam
739 921 939 997 adiungerent
964 938 1055 997 quarn
1079 921 1119 983 ad

96 1016 271 1084 egestatem.
302 1005 394 1082 Quid,
418 1006 445 1068 si
458 1006 577 1068 accedit
592 1005 700 1067 eodem
720 1013 753 1071 ut
772 1005 871 1066 tenuis
894 1013 983 1066 antea
1004 1004 1119 1067 fueris?

96 1090 187 1168 quid,
213 1090 240 1151 si
257 1098 289 1152 ut
305 1097 439 1153 avarus?
463 1089 553 1165 quid,
581 1089 608 1152 si
623 1097 655 1150 ut
669 1090 792 1151 audant
813 1088 902 1163 quid,
924 1088 950 1150 si
971 1096 1002 1148 ut
1021 1087 1117 1162 illius,

97 1173 150 1251 qui
164 1174 286 1235 occisus
301 1182 362 1248 est,
373 1173 630 1235 inimicissimus?
647 1191 718 1235 num
734 1173 924 1249 quaerendo,
940 1188 1020 1249 quae
1035 1181 1065 1234 te
1079 1171 1117 1233 ad

95 1265 210 1318 tanturn
224 1256 341 1319 facinus
356 1257 558 1333 adduxerint?
581 1257 658 1332 Quid
674 1274 746 1332 ergo
758 1258 865 1319 horum
880 1254 985 1332 negari
996 1261 1118 1331 potestt

95 1340 239 1402 Tenuitas
255 1340 387 1402 hominis
411 1340 478 1403 eius
499 1340 581 1402 modi
598 1350 661 1413 est,
685 1349 719 1403 ut
740 1338 924 1402 dissimulari
943 1357 1006 1400 non
1027 1345 1117 1415 queat

96 1434 188 1501 atquc
204 1441 242 1486 eo
257 1423 354 1501 magis
369 1425 503 1500 eluceat,
528 1441 589 1500 quc
608 1425 704 1499 magis
725 1426 900 1486 occultatur.
928 1420 980 1486 et.
1009 1420 1115 1488 Avari·

96 1508 167 1569 tiam
181 1509 335 1584 praeiere,
351 1510 403 1584 qui
421 1507 596 1569 societatem
612 1507 724 1569 coieris
738 1508 777 1569 de
798 1505 959 1582 municipis
981 1503 1115 1582 cognati·

97 1609 157 1668 quc
169 1592 298 1654 ionunis
310 1608 377 1654 cum
392 1591 589 1653 alienissimo.
622 1591 717 1666 Quam
733 1592 776 1652 sis
792 1592 908 1662 audax,
923 1598 955 1651 ut
968 1589 1028 1650 aria
1042 1588 1116 1651 obli-

94 1674 210 1748 viscar,
226 1676 296 1736 hinc
311 1692 416 1737 ornnes
431 1673 597 1750 intelligere
619 1682 796 1750 potuerunt,
821 1675 903 1749 quod
926 1690 965 1734 ex
988 1681 1052 1734 tota
1066 1689 1115 1734 so·

96 1758 220 1832 aetate,
239 1760 299 1821 hoc
322 1766 383 1831 est,
406 1775 446 1818 cx
467 1766 510 1821 tot
525 1757 657 1831 sicariis,
680 1759 765 1820 solus
785 1766 818 1818 tu
838 1757 978 1819 inventus
993 1773 1044 1829 cs,
1064 1753 1116 1832 qui

97 1858 164 1903 cum
179 1843 409 1904 accusatoribus
423 1841 549 1903 sederes
562 1840 655 1917 atque
674 1857 710 1903 os
727 1850 811 1904 tuum
825 1858 884 1902 non
901 1840 993 1903 modo
1014 1847 1114 1900 osten-

96 1924 201 1997 deres,
221 1926 278 1986 sed
294 1925 384 1987 etiam
399 1925 536 1987 offerres.
577 1923 751 1989 Inimicitias
771 1924 825 1986 tibi
845 1923 942 1986 fuisse
960 1940 1029 1984 oum
1044 1921 1114 1983 Sex.

93 2007 207 2071 Roscio
222 2017 252 2070 et
271 2025 396 2085 magnas
413 2009 458 2071 rei
474 2007 627 2070 familiaris
649 2007 874 2071 controversias
889 2008 1042 2069 concedas
1063 2023 1115 2066 nc·

97 2108 187 2154 cesse
202 2100 257 2153 est.
292 2091 342 2156 88.
374 2093 495 2167 Restat,
510 2092 643 2168 iudices,
658 2101 690 2154 ut
704 2093 762 2153 hoo
777 2091 963 2165 dubitemus,
977 2099 1046 2152 uter
1059 2106 1114 2166 po·

94 2175 155 2237 tius
169 2174 240 2235 Sex.
254 2175 400 2237 Roscium
417 2175 576 2249 occiderit,
597 2174 638 2249 is,
664 2177 704 2237 ad
725 2194 815 2252 quem
836 2181 932 2236 morte
952 2172 1020 2235 eius
1039 2171 1114 2236 divi-

95 2259 155 2319 tiae
168 2257 315 2332 venerint,
329 2276 367 2319 en
381 2258 418 2332 is,
434 2261 473 2321 ad
490 2276 581 2335 quern
594 2258 781 2333 mendicitas,
797 2259 834 2333 is,
849 2256 902 2334 qui
915 2267 1006 2320 antea
1016 2255 1115 2327 tenuis

96 2340 199 2414 fuerit,
215 2358 253 2401 an
271 2340 314 2415 is,
332 2341 384 2418 qui
400 2351 508 2417 postea
522 2344 620 2403 factus
634 2342 673 2404 sit
687 2342 917 2418 egentissimus,
937 2340 980 2416 is,
1002 2339 1055 2417 qui
1067 2357 1113 2400 ar·

96 2426 173 2484 dens
186 2424 311 2485 avaritia
325 2428 438 2487 seratur
448 2425 577 2486 infestus
594 2425 625 2486 in
641 2443 731 2497 succ,
754 2443 792 2487 an
807 2427 847 2500 is,
871 2423 924 2501 qui
939 2441 1060 2501 semper
1074 2422 1115 2485 ita

94 2507 220 2582 vixerit,
234 2516 267 2568 ut
282 2517 442 2582 quaestum
456 2518 562 2575 nosset
576 2510 704 2584 nullum,
720 2511 848 2571 fructum
862 2517 963 2570 autem
980 2525 1048 2570 eum
1064 2523 1113 2568 so-

94 2592 171 2666 lum,
187 2607 277 2668 quem
293 2593 397 2653 labore
409 2592 594 2669 peperisset,
609 2591 652 2667 is,
672 2592 726 2670 qui
746 2591 878 2655 omnium
893 2601 1045 2654 sectorum
1062 2608 1113 2653 au·

96 2675 280 2739 decissimus
297 2674 350 2749 sit,
366 2694 404 2736 an
422 2675 465 2749 is,
481 2675 533 2752 qui
548 2683 673 2753 propter
692 2675 750 2738 fori
772 2674 1011 2752 iudiciorumque
1032 2675 1113 2735 inso·
1134 2724 1139 2735 ,

95 2758 217 2820 lentiam
231 2776 291 2821 non
306 2758 574 2843 modo—subsellia,
590 2759 799 2821 verumetiam
820 2757 926 2819 urbem
946 2759 1047 2835 ipsam
1067 2774 1113 2818 rc·

95 2842 251 2917 formidet,
266 2851 436 2920 postremo,
455 2843 587 2917 iudices,
606 2842 639 2903 id
651 2845 732 2920 quod
748 2843 867 2903 adrem
882 2859 949 2903 mea
964 2840 1114 2904 sententia

95 2927 226 2988 maxime
248 2928 392 3004 pertinet,
414 2936 514 3011 utrum
536 2926 675 2988 inimicus
694 2925 796 3003 potius
814 2940 853 2986 an
876 2927 966 2986 filius.
995 2925 1112 2986 XXXII.

94 3007 146 3069 89.
164 3011 247 3071 Haec
258 3021 299 3086 tu,
311 3011 412 3085 Eruci,
427 3021 471 3073 ιοι
485 3018 516 3073 et
529 3020 611 3073 tanta
622 3011 648 3071 si
662 3019 770 3072 nactus
785 3026 872 3070 esses
887 3009 916 3069 in
934 3025 1002 3081 reo,
1022 3025 1113 3084 quam
1136 3016 1139 3022 '

96 3091 149 3153 diu
169 3093 304 3157 diceres!
332 3112 394 3171 quo
416 3105 445 3158 te
467 3096 557 3156 modo
577 3096 722 3156 iactares!
750 3095 898 3168 Tempus,
926 3093 1062 3165 hercule,
1083 3099 1125 3151 tc*

92 3156 185 3239 citius
201 3194 292 3252 quam
307 3179 402 3240 oratio
421 3180 573 3240 deficeret.
607 3179 726 3241 Etenim
739 3177 769 3238 in
785 3177 914 3252 singulis
933 3177 1025 3238 rebus
1046 3175 1111 3235 cius

94 3260 178 3325 modi
189 3261 328 3323 materies
341 3271 396 3337 est,
411 3272 444 3325 ut
455 3262 522 3324 dies
534 3262 670 3338 singulos
683 3261 785 3339 possis
797 3278 986 3322 consumere.
1008 3259 1112 3335 Neque

83 3355 144 3429 ξές)
161 3359 227 3400 non
248 3360 399 3418 (mesum,-
424 3365 487 3410 non
511 3346 592 3411 enim
610 3345 684 3409 mihi
703 3354 820 3409 tantum
839 3347 973 3419 derogo,
994 3338 1115 3403 tametsi

57 3414 145 3472 mm
153 3422 295 3500 MPOs'O,
317 3436 350 3488 ιιι
366 3437 398 3492 te
412 3433 581 3512 copiosius
599 3450 697 3513 quam
717 3449 768 3496 me
784 3440 894 3510 putem
906 3440 1004 3504 posse
1016 3424 1144 3505 ducere⁸¹
