2370 3780
93 197 135 261 ss
253 196 787 260 ruosnx.s0scronnua1no
810 198 961 261 onorio.
1012 182 1019 199 ‘

95 348 144 412 10.
161 349 236 411 Fide
248 347 458 425 sapientiaque
470 357 573 411 vestra
586 349 681 412 fretus
696 353 766 427 plus
783 350 885 412 oneris
901 349 1010 423 sustuli
1026 367 1119 426 quam

94 436 173 494 terre
196 450 244 494 me
264 450 360 509 posse
380 433 524 509 intelligo.
551 434 618 494 lloc
635 451 714 495 onus
737 433 834 496 sivos
852 435 955 510 aliqua
974 444 1118 510 exparte

93 517 290 592 adlevabitis,
304 519 399 578 seram
416 525 448 579 ut
462 525 569 593 potero
584 517 686 578 studio
701 525 731 578 et
744 516 906 592 industria,
920 517 1054 579 iudices:
1070 518 1118 579 sin

93 601 234 675 avobis,
249 599 280 659 id
297 602 381 676 quod
395 617 457 660 non
472 616 580 675 spero,
597 600 736 674 deserar,
752 609 852 661 tamen
869 602 969 662 animo
987 619 1050 662 non
1064 603 1118 662 de·

93 683 194 745 ficiam
207 692 237 744 ct
247 682 292 756 id,
309 684 392 760 quod
407 683 549 759 suscepi,
566 684 668 758 quoad
682 693 789 759 potero
804 686 963 760 perferam.
989 685 1077 759 Quod
1091 684 1119 745 si

94 769 230 843 perterre
251 784 313 828 non
334 775 457 843 potero,
474 766 604 843 opprimi
624 785 673 828 me
688 784 780 828 onere
795 768 889 830 olflcii
903 770 998 843 malo,
1026 785 1117 844 quam

93 852 141 925 id,
163 851 246 925 quod
263 851 335 911 mihi
356 866 424 911 cum
443 852 504 911 fide
526 852 618 911 semel
637 850 812 926 impositum
833 860 896 926 cst,
917 860 969 912 aut
992 861 1119 928 propter

93 935 253 1010 perfidiam
274 934 471 1009 abiicereaut
483 943 615 1010 'propter
628 932 831 995 infirmitatem
845 935 936 995 animi
951 935 1117 1011 deponere.

94 1016 145 1081 ll.
167 1019 208 1079 Te
224 1033 348 1093 quoque
358 1035 468 1093 magno
481 1035 589 1094 opere,
605 1019 645 1077 Μ.
660 1017 770 1090 Fanni,
786 1013 917 1094 quaese,
931 1028 978 1091 ut,
996 1020 1117 1095 qualem
1138 1020 1149 1027 '

51 1110 56 1120 ’
95 1111 124 1164 tc
150 1101 210 1162 iam
236 1108 325 1162 antea
351 1103 465 1178 populo
486 1103 623 1162 Romano
648 1101 829 1178 praebuisti,
857 1114 954 1178 quum·
977 1102 1047 1162 huic
1075 1104 1117 1163 ei·

94 1188 164 1246 dern
186 1184 358 1261 quaestioni
380 1187 473 1245 iudex
494 1201 673 1260 praeesses,
696 1187 787 1246 talem
806 1193 837 1245 te
859 1195 890 1247 et
910 1187 1000 1248 nobis
1023 1193 1054 1246 et
1072 1177 1117 1247 r'ei

94 1268 236 1345 publicae
251 1269 309 1330 hoc
328 1276 464 1345 ternpore
485 1264 650 1344 impertias.
693 1270 731 1328 V.
754 1269 871 1344 Quanta
887 1269 1048 1331 multitudo
1062 1270 1116 1330 ho·

93 1353 207 1413 minum
222 1353 400 1414 convenerit
420 1353 459 1412 ad
476 1352 535 1413 hoc
550 1353 694 1413 iudicium
709 1352 811 1414 tides:
832 1353 966 1428 quaesit
983 1352 1116 1415 omnium

93 1438 264 1498 mortalium
285 1435 488 1512 exspectatio,
511 1452 591 1511 quac
611 1435 763 1512 cupiditas
791 1443 824 1497 ut
841 1437 924 1497 acria
942 1453 979 1497 ac
1008 1453 1118 1498 severa

93 1520 206 1581 iudicia
225 1521 300 1582 fiant
323 1519 475 1595 intelligis.
511 1521 617 1595 Longo
638 1519 795 1581 intervallo
813 1521 957 1581 iudicium
977 1522 1057 1581 inter
1076 1520 1116 1582 si·

95 1604 195 1666 carios
213 1604 274 1665 hoc
295 1604 424 1680 primum
443 1603 649 1665 committitur:
673 1620 764 1678 quum
779 1603 894 1665 interea
910 1605 1022 1666 caedes
1040 1604 1117 1664 indi·

93 1687 258 1770 guissimae
276 1687 490 1762 maximaeque
510 1688 615 1748 lactas¹
628 1686 703 1760 sint,
732 1705 838 1749 omnes
858 1688 936 1748 hanc
963 1688 1116 1762 quaestio·

93 1787 162 1832 nem
190 1779 219 1832 tc
247 1779 402 1846 praetore,
433 1769 601 1832 manifestis
625 1771 782 1832 maleficiis
806 1770 1022 1846 cotidianoque
1048 1788 1119 1832 san·

93 1855 184 1931 guine
208 1853 378 1927 dimissam,
410 1862 534 1930 sperant
557 1856 693 1915 suturam.
737 1852 786 1916 12.
815 1854 880 1929 Qua
900 1854 1117 1916 vociteratione

93 1939 124 1999 in
149 1938 276 1999 caeteris
301 1936 421 1998 iudiciis
447 1945 643 1999 accusatores
667 1937 711 1999 uti
732 1946 971 2011 consueverunt,
995 1954 1033 1999 ea
1059 1954 1117 1999 nos

92 2023 153 2084 hoc
183 2030 319 2097 ternpore
344 2023 454 2082 utimur
484 2021 536 2098 qui
563 2037 687 2082 causam
715 2022 854 2083 dicimus.
905 2021 1038 2083 Petimus
1061 2023 1116 2083 abs

94 2116 139 2178 te,
162 2106 202 2164 M.
216 2105 326 2178 Fanni,
349 2121 369 2166 a
382 2103 547 2181 vobisque,
561 2104 693 2179 iudices,
710 2114 743 2166 ut
759 2122 850 2182 quam
864 2105 1010 2166 acerrime
1025 2107 1115 2166 male·

94 2189 165 2249 licia
179 2187 355 2262 vindicetis,
375 2199 514 2264 utquam
530 2188 694 2249 fortissime
714 2188 886 2250 hominibus
904 2188 1116 2250 audacissimis

93 2271 259 2346 resistatis,
278 2279 310 2333 ut
325 2272 384 2333 hoc
399 2270 554 2347 cogitetiS,
571 2270 630 2333 nisi
644 2273 674 2332 in
691 2273 749 2332 hac
763 2290 859 2334 causa
871 2272 923 2348 qui
939 2280 1041 2334 vester
1054 2272 1115 2332 ani-

94 2373 162 2416 mus
183 2355 222 2416 sit
245 2355 455 2430 ostenderitis,
476 2372 514 2417 eo
534 2372 732 2432 prorumpere
753 2357 907 2418 hominurn
923 2355 1116 2432 cupiditatem

95 2447 125 2500 et
142 2440 244 2500 scelus
261 2447 291 2500 ct
304 2438 478 2513 audaciam,
497 2447 530 2500 ut
546 2456 606 2501 non
621 2441 713 2501 modo
728 2441 821 2513 clam,
841 2439 1051 2501 verumetiam
1067 2439 1115 2498 hic

94 2523 125 2583 in
148 2523 218 2584 loro·
235 2529 306 2583 ante
324 2522 455 2584 tribunal
473 2532 572 2597 tuum,
592 2524 632 2583 Μ.
645 2522 756 2596 Fanni,
776 2534 846 2585 ante
867 2524 965 2597 pedes
986 2532 1116 2593 vestros,

94 2607 227 2678 iudiceS,
243 2605 320 2666 inter
336 2605 405 2682 ipsa
420 2606 565 2667 subsellia
580 2609 692 2669 caedes
707 2609 826 2668 futurae
841 2606 911 2668 sint
933 2604 982 2668 13.
999 2607 1116 2668 Etenim

96 2690 169 2765 quid
185 2690 267 2751 aliud
281 2690 340 2750 hoc
353 2689 467 2751 iudicio
478 2699 656 2766 temptatur,
676 2689 735 2750 nisi
749 2699 783 2751 ut
797 2690 829 2751 id
842 2689 908 2751 fieri
920 2691 1030 2751 liceatt
1057 2691 1115 2750 Ac-

96 2783 204 2834 cusant
217 2773 252 2848 ii,
269 2773 366 2848 quiin
384 2774 521 2835 lonunas
538 2774 629 2834 huius
643 2774 836 2834 invaserunt:
853 2791 979 2835 causam
997 2773 1070 2834 dicit
1080 2773 1115 2844 is,

96 2857 146 2916 cui
166 2866 286 2932 praeter
307 2857 505 2918 calamitatem
527 2859 599 2918 nihil
611 2857 811 2934 reliquerunt:
833 2864 981 2918 accusant
993 2857 1029 2930 ii,
1051 2855 1116 2933 qui·

94 2940 153 3000 bus
165 2941 262 3002 occidi
277 2949 394 3016 patrem
403 2939 476 3001 Sex.
486 2941 590 3003 Roscii
604 2943 686 3003 bono
701 2940 770 3002 luit:
786 2957 910 3002 causam
925 2939 998 3001 dicit
1010 2940 1052 3013 is,
1068 2938 1117 3000 cui

95 3038 156 3083 non
177 3026 268 3085 modo
290 3026 403 3087 luctum
423 3041 506 3085 mors
528 3025 623 3100 patris
637 3024 750 3098 attulit,
770 3041 876 3085 verum
894 3024 984 3085 etiarn
999 3031 1116 3098 egesta·

94 3118 171 3167 tems
187 3117 330 3169 accusant
342 3108 379 3183 it,
397 3107 448 3184 qui
461 3107 541 3168 hunc
556 3109 656 3183 ipsum
666 3107 803 3183 iugulare
815 3125 932 3169 summe
943 3107 1115 3182 cupierunt:

95 3207 220 3251 causam
237 3190 309 3253 dicit
322 3192 363 3263 is,
380 3191 433 3267 qui
448 3191 536 3252 etiam
549 3193 590 3252 ad
603 3192 662 3254 hoc
674 3192 775 3267 ipsum
789 3191 933 3254 iudicium
947 3207 1015 3252 cum
1029 3206 1115 3266 prae·

96 3274 174 3335 sidio
198 3273 292 3346 venit,
321 3292 360 3335 nc
379 3275 428 3336 hio
448 3275 559 3336 ibidem
575 3284 644 3337 ante
665 3278 772 3336 oculos
796 3284 915 3338 vestros
935 3273 1115 3336 trucideturz

81 3357 221 3444 deniqne
233 3367 384 3420 accusant
399 3360 422 3420 ii
425 3405 435 3438 ,
459 3376 539 3437 quos
560 3360 694 3437 populus
714 3360 829 3437 poscite
853 3374 979 3423 causam
992 3356 1065 3418 dicit
1079 3356 1114 3429 is,

62 3443 120 3494 wi
133 3451 221 3497 unus
230 3440 369 3504 relictus
384 3460 426 3507 ex
440 3444 569 3512 illorum
584 3445 709 3509 nelaria
723 3445 823 3508 coede
833 3449 942 3504 restat.
958 3437 1015 3500 11.
1031 3441 1131 3511 susus
