2370 3780
121 195 162 261 ta
308 157 383 258 rao
401 196 586 272 onosuo
603 197 782 259 oouoaoo
798 197 948 260 canno.

119 351 265 410 referret?
285 349 437 425 Exspecto
459 367 549 424 quam
564 368 636 412 mox
649 350 781 412 Chaerea
796 351 854 411 hac
869 349 1005 410 oratione
1020 357 1142 411 utatur:

119 434 225 508 Egone
245 432 322 493 hanc
344 450 463 495 monum
484 437 605 510 plenam
627 435 770 509 perfidiae
785 444 814 495 et
836 434 894 494 hos
918 433 1029 507 digitos
1052 449 1142 494 meos

120 517 273 592 impellere
286 516 384 592 potui,
401 526 434 577 ut
445 519 551 577 falsum
571 517 792 593 perscriberent
806 525 936 577 nomen?
956 516 1075 590 Quodsi
1089 515 1143 576 ille

120 617 194 662 suas
209 601 342 675 proferet
352 601 484 672 tabulas,
499 603 633 675 proferet
644 618 715 660 suas
732 618 854 676 quoque
865 600 1004 662 Roscius.
1027 600 1095 661 Erit
1109 598 1141 659 ia

119 683 200 744 illius
214 683 323 744 tabulis
337 683 396 743 hoc
413 699 538 757 nomen,
553 692 584 744 at
597 684 626 742 in
640 683 731 744 huius
746 702 807 746 non
823 684 886 744 erit.
914 684 943 745 2.
962 685 1021 744 Cur
1031 683 1140 758 potius

118 766 198 827 illius
215 784 303 842 quam
317 765 406 826 huius
419 768 578 827 credetur?
599 767 779 840 Scripsisset
789 768 852 838 1116,
871 767 899 828 si
910 784 969 827 non
980 767 1069 827 iussu
1082 766 1139 826 hu-

76 850 80 857 '
118 850 166 910 ius
183 867 351 925 expensum
364 849 503 910 tulissetf
528 851 594 911 Non
619 850 794 925 scripsisset
813 850 878 922 hic,
899 852 982 926 quod
1004 850 1063 910 sibi
1083 866 1138 909 ex·

117 950 247 1009 pensum
262 933 331 993 ferri
351 932 512 994 iussisset?
537 936 610 994 Num
629 934 882 1009 quemadmodum
897 943 984 1009 turpe
999 942 1047 994 est
1061 932 1138 994 scri-

116 1018 190 1078 bere
203 1018 285 1092 quod
296 1033 356 1076 non
371 1017 531 1092 debeatur,
550 1019 594 1078 sic
606 1018 776 1093 improbum
789 1025 908 1077 estnon
922 1018 1035 1077 referre
1051 1017 1139 1092 quod

117 1101 241 1160 debeas.
262 1101 370 1175 Aeque
385 1100 463 1160 enim
479 1103 597 1162 tabulae
612 1101 849 1162 condemnantur
864 1102 945 1173 eius,
963 1099 1014 1176 qui
1028 1117 1138 1161 verum

116 1201 178 1244 noa
197 1183 323 1256 rettulit,
345 1184 473 1258 eteius,
495 1185 547 1259 qui
562 1187 671 1245 falsum
685 1183 871 1259 perscripsit.
893 1184 954 1244 Sed
969 1201 1026 1258 ego
1045 1182 1138 1258 copia

116 1274 146 1327 et
160 1268 300 1335 facultate
315 1283 426 1328 causae
441 1270 576 1329 confisus
593 1269 661 1329 vide
677 1286 736 1344 quo
749 1267 937 1343 progrediar.
966 1267 999 1327 Si
1015 1267 1136 1328 tabulas

116 1349 147 1409 C.
160 1349 292 1411 Fannius
303 1352 420 1427 accepti
436 1359 466 1412 61
477 1352 606 1428 expensi
620 1354 735 1428 profert
746 1369 834 1424 suaS,
850 1351 981 1411 insuam
996 1368 1060 1411 rem
1075 1367 1134 1413 suo

114 1434 258 1495 arbiuatu
273 1434 403 1510 scriptas
419 1452 479 1511 quo
499 1436 597 1497 minus
621 1436 789 1495 secundum
808 1435 890 1495 illum
910 1433 1050 1495 iudicetis
1070 1451 1134 1495 non

113 1531 234 1579 recuso.
257 1517 287 1580 3.
308 1518 380 1592 Quis
391 1517 451 1580 hoc
464 1521 553 1579 frater
567 1519 664 1591 fratri,
679 1519 746 1594 quis
761 1535 873 1594 parens
888 1518 950 1578 filio
965 1517 1076 1591 tribuit,
1091 1526 1135 1590 ut,

114 1603 328 1677 quodcumque
348 1603 529 1676 rettulisset,
549 1603 581 1662 id
600 1612 695 1663 ratum
713 1603 858 1663 haberet?
881 1603 988 1661 Rufum
1010 1600 1136 1661 habebit

112 1685 252 1755 Roscius.
273 1685 385 1745 Profer.
414 1686 500 1760 Quod
522 1687 574 1746 tibi
589 1686 678 1746 fuerit
692 1702 885 1761 persuasum,
899 1684 970 1745 huic
987 1684 1044 1744 erit
1064 1701 1133 1760 per-

113 1785 254 1829 suasum:
284 1769 366 1842 quod
392 1769 444 1828 tibi
473 1769 561 1830 fuerit
585 1770 758 1845 probatum,
785 1769 855 1830 huie
880 1769 935 1829 erit
959 1768 1132 1843 probaturi

111 1851 213 1912 Paullo
224 1859 301 1924 ante,
312 1852 352 1910 llll.
359 1852 518 1928 Perperna,
525 1853 555 1912 Ρ.
564 1854 673 1913 Saturii
684 1854 801 1914 tabulas
817 1852 1034 1928 poscebamus=
1050 1868 1133 1913 nunc

111 1943 194 2007 tuas,
217 1935 247 1995 C.
262 1934 356 1995 Fanni
372 1937 518 2010 Chaerea,
540 1937 635 1996 solius
657 1935 827 2010 flagitamus
843 1945 872 1996 et
887 1952 947 2010 quo
967 1934 1067 1994 minus
1083 1951 1132 1995 se-

111 2018 244 2079 cundum
261 2035 313 2078 eas
334 2018 371 2079 lis
389 2020 476 2080 detur
497 2036 557 2080 non
571 2036 759 2079 recusamus.
781 2018 810 2080 4.
830 2020 908 2092 Quid
929 2019 969 2077 ita
983 2034 1044 2078 non
1060 2034 1131 2093 pro

112 2102 196 2162 ferst
214 2136 258 2186 -.
275 2101 341 2163 Non
363 2103 485 2163 conficit
506 2104 695 2164 16116166-
716 2104 808 2163 lmmo
830 2101 1068 2177 diligentissime.
1087 2135 1132 2147 -

110 2185 176 2245 Non
188 2187 280 2245 refert
291 2203 385 2260 parva
397 2186 518 2247 nomina
528 2186 557 2246 in
573 2185 853 2247 codices—Immo
867 2201 972 2246 omnes
984 2202 1131 2246 summas

109 2302 152 2313 -
167 2269 248 2328 Leve
263 2278 293 2329 et
307 2278 396 2330 tenue
412 2270 472 2330 hoc
486 2287 607 2331 nomen.
622 2305 662 2318 -
673 2271 845 2332 HSccorooo
861 2278 940 2329 sunt.
956 2269 1129 2342 Quomodo

82 2370 86 2388 ·
109 2351 163 2412 tibi
179 2361 259 2412 tanta
274 2352 403 2427 pecunia
414 2352 651 2414 extraordinaria
663 2352 762 2414 iacet?
776 2371 836 2428 quo
850 2353 941 2413 modo
952 2352 1002 2412 HS
1015 2368 1130 2414 cccrooo

110 2435 139 2516 in
153 2435 258 2495 codice
274 2435 390 2511 accepti
405 2444 435 2497 et
449 2437 578 2512 expensi
597 2453 658 2497 non
680 2444 770 2497 suntf
800 2437 856 2496 Pro
879 2436 909 2494 di
932 2435 1128 2507 immortales

105 2516 420 2598 ‚essenee'uemqnam
439 2529 522 2580 tanta
542 2520 671 2581 audacia
684 2518 866 2596 praeditum,
887 2521 953 2594 qui,
975 2520 1059 2594 quod
1074 2535 1129 2578 no-

111 2618 179 2668 men
204 2603 317 2662 referre
337 2602 367 2662 in
388 2604 507 2664 tabulas
527 2605 642 2675 timeat,
667 2604 699 2663 id
722 2611 824 2678 petere
845 2603 977 2663 audeat?
999 2602 1083 2676 quod
1097 2601 1128 2661 in

110 2685 246 2745 codicem
263 2685 409 2746 iniuratus
426 2688 538 2747 referre
554 2687 661 2759 noluit,
683 2686 713 2746 id
729 2687 829 2746 iurare
844 2684 873 2744 in
891 2686 971 2746 litem
989 2702 1050 2746 aon
1072 2685 1128 2745 du-

109 2768 202 2829 bitet?
229 2770 310 2843 quod
333 2770 390 2830 sibi
412 2770 542 2846 probare
562 2789 623 2832 non
643 2772 757 2846 possit,
782 2769 813 2828 id
833 2770 1018 2842 persuadere
1040 2769 1128 2829 alteri

110 2859 256 2912 conaturi

191 2936 227 2994 ll.
249 2934 278 2998 5.
299 2934 427 2995 Ninnium
443 2936 501 2996 cito
517 2936 558 2997 ait
571 2953 619 2998 me
635 2933 783 3010 indignari
797 2934 835 2994 de
850 2934 973 2995 tabulis=
994 2950 1055 2994 non
1072 2931 1126 2992 ha-

108 3017 180 3076 bere
190 3020 288 3079 sehoc
300 3035 409 3078 nomen
421 3019 451 3078 in
464 3020 600 3079 codicem
611 3018 766 3094 aceeptiet
777 3018 905 3093 expensi
916 3018 1040 3091 relatum
1053 3033 1125 3076 con-

20 3142 34 3165 t
108 3099 222 3174 litetur,
245 3104 300 3162 sed
320 3102 350 3162 in
370 3102 553 3162 adversariis
568 3113 672 3177 patere
693 3101 855 3162 contendit.
882 3102 988 3176 Usque
1003 3115 1081 3160 eone
1094 3107 1125 3158 ta

108 3180 208 3257 diligis
230 3193 259 3245 ct
278 3185 437 3262 magnifice
461 3185 685 3261 circumspicis,
706 3194 739 3245 ut
759 3185 917 3259 pecuniam
931 3201 992 3244 non
1007 3200 1047 3244 ex
1063 3180 1124 3242 tuis
1177 3222 1179 3229 ι

107 3265 234 3339 fabalia,
248 3269 302 3328 sed
318 3286 357 3328 ex
372 3270 555 3330 adversariis
569 3276 678 3345 petasf
699 3269 792 3329 Suum
804 3269 940 3329 codicem
954 3267 1038 3328 testis
1052 3266 1123 3326 loco

84 3347 221 3406 recitare
229 3352 370 3426 adrogari
375 3352 435 3414 tiae
447 3362 510 3415 est:
526 3371 652 3415 suarum
665 3352 920 3428 perscriptionum
930 3361 963 3410 et
971 3352 1124 3410 liturarum

65 3423 257 3492 adversaria
270 3439 424 3509 proferre
449 3457 516 3502 non
531 3439 689 3502 amentiae
704 3444 772 3499 est‘t
798 3437 833 3499 u.
865 3431 986 3506 Quodsi
1002 3431 1143 3487 putabam

79 3542 137 3551 ...n-
