2370 3780
128 196 170 261 ὀὶ
284 194 358 257 PRO
381 193 622 258 sitx.1tosclo
643 194 818 257 AMERlNO
841 195 992 258 ORATIO.

128 345 358 426 potentiamque
372 347 562 426 Chrysogoni
582 346 711 409 dicimus
731 357 762 411 et
781 336 869 410 nobis
890 349 1013 410 obstare
1036 356 1066 410 et
1080 364 1146 425 per-

129 432 200 493 terri
212 433 293 495 nuiio
306 433 397 493 modo
409 449 505 507 posse
522 439 552 493 et
568 430 697 506 avobis,
712 434 855 508 quoniam
868 441 1004 509 potestas
1012 432 1083 494 data
1093 443 1147 507 est,

129 533 189 576 non
205 517 295 577 modo
311 516 469 590 infirmari,
490 532 594 576 verum
611 515 701 576 etiam
713 515 862 577 vindicari
877 525 1028 593 oportere·
1078 514 1146 578 12³.

127 600 192 674 Ego
208 599 253 660 sic
268 599 423 661 existimo:
441 599 493 672 qui
505 599 610 674 quaeri
622 599 693 659 vetit
704 615 743 659 ex
754 599 801 673 iis,
819 617 898 675 quos
910 608 1038 672 constat,
1056 617 1147 676 quum

129 685 242 745 caedes
257 684 337 744 taeta
351 683 398 757 sit,
413 681 563 755 adfuisse,
585 699 655 743 eum
670 697 784 758 cupere
797 700 904 744 verum
920 683 1070 743 invenire:
1098 682 1146 759 qui

129 775 260 840 recuset
274 783 345 828 eum
360 768 507 842 proiecto,
526 764 644 826 tametsi
664 766 759 827 verbo
777 784 838 828 non
853 767 979 842 audeat,
999 775 1148 827 tamenne

128 849 197 926 ipsa
210 851 249 910 de
263 849 412 911 maleficio
426 866 481 910 suo
497 850 643 910 confiteri.
673 849 743 910 Dixi
757 848 851 924 initio,
867 850 994 924 iudIces,
1008 851 1091 911 nolle
1101 866 1148 910 me

127 936 216 1011 plura
232 935 271 994 de
285 933 411 994 istorum
432 934 549 994 scelere
563 932 681 1006 dicere,
703 950 794 1008 quam
814 950 910 995 eausa
930 934 1099 1010 postularet
1113 949 1147 994 ac

128 1018 298 1078 necessitas
313 1019 382 1093 ipsa
397 1026 529 1092 cogeret.
558 1017 633 1076 Nam
649 1025 679 1078 et
693 1019 804 1093 multae
817 1033 868 1078 res
885 1017 997 1078 adferri
1018 1023 1148 1093 possunt
1175 1064 1179 1071 .

127 1109 159 1162 et
174 1118 235 1161 una
251 1117 392 1177 quaeque
414 1117 518 1162 earum
540 1100 641 1161 multis
661 1116 730 1161 cum
750 1100 934 1176 argumentis
956 1099 1017 1162 dici
1036 1109 1145 1177 potest.

126 1185 240 1259 Verum
254 1200 321 1260 ego,
338 1184 422 1260 quod
435 1184 547 1246 invitus
565 1201 601 1245 ac
618 1184 793 1246 necessario
810 1181 897 1258 tucio,
917 1201 1018 1260 neque
1034 1183 1087 1245 diu
1097 1199 1146 1245 ue-

128 1284 189 1343 que
204 1267 363 1343 diligenter
384 1269 484 1328 iacere
499 1285 642 1343 pessume
682 1285 762 1344 quae
783 1267 940 1343 praeteriri
961 1268 1144 1329 nullomodo

127 1360 277 1427 poterant,
292 1368 329 1413 ea
347 1351 468 1425 ieviter,
482 1350 611 1426 iudices,
624 1351 722 1427 attigir
754 1369 835 1428 quae
850 1351 952 1428 positu
966 1350 1081 1414 suntin
1097 1369 1145 1412 su·

128 1434 328 1510 spicionibus,
344 1436 383 1496 de
398 1435 508 1510 quibus
524 1435 552 1496 si
568 1450 701 1510 coepero
713 1435 824 1511 dicere,
838 1435 976 1512 pluribus
989 1426 1093 1497 verbis
1107 1434 1146 1505 ¹sit

128 1518 352 1592 disserendum,
368 1536 402 1580 ea
422 1519 532 1580 vestris
544 1518 674 1595 ingeniis
690 1519 943 1595 coniecturaeque
957 1520 1120 1581 committo.
1143 1578 1146 1585 ,

208 1603 310 1664 XLlil.
331 1601 401 1664 124.
423 1601 522 1663 Venio
538 1619 618 1663 nunc
635 1603 675 1663 ad
689 1601 763 1685 iliud
782 1620 894 1665 nomen
908 1619 1033 1664 aureum
1054 1602 1144 1681 Chry·

127 1687 246 1761 sogoni,
262 1686 319 1746 sub
335 1703 395 1761 quo
413 1685 535 1746 nomine
545 1695 608 1749 tota
622 1686 753 1747 societas
766 1686 865 1749 latuit:
881 1688 920 1749 de
931 1704 1003 1762 quo,
1020 1685 1144 1758 iudices,

126 1785 227 1843 neque
240 1785 301 1844 quo
309 1770 400 1829 modo
413 1771 618 1846 dicamneque
630 1771 790 1845 quomodo
802 1779 919 1832 taceam
929 1769 1064 1845 reperire
1074 1786 1143 1846 pos·

127 1870 205 1913 sum.
235 1852 268 1912 Si
283 1852 363 1913 enim
376 1861 474 1926 taceo,
490 1855 540 1914 vel
554 1853 714 1915 maximam
728 1863 845 1930 partem
860 1853 1016 1930 reunqum
1032 1852 1079 1915 sin
1093 1868 1144 1913 au-

114 1945 187 1997 ·tem
201 1935 280 2008 dico,
297 1953 406 1996 vereor
420 1953 459 1996 ne
474 1955 536 1998 non
550 1937 601 1998 ilie
615 1939 710 2011 solus,
726 1937 758 1999 id
772 1938 858 2014 quod
873 1939 913 1999 ad
930 1954 979 1998 me
993 1936 1067 1997 nihii
1080 1935 1145 1999 atti-

126 2028 185 2094 net,
209 2021 265 2081 sed
279 2021 329 2080 atii
345 2037 469 2096 quoque
484 2023 587 2097 piures
601 2023 704 2082 laesos
718 2038 753 2082 se
768 2038 838 2083 esse
853 2029 969 2096 putent.
1016 2020 1144 2081 Tametsi

124 2102 167 2164 ita
184 2119 283 2164 seres
302 2104 401 2178 habet,
412 2104 532 2165 ut-mihi
545 2106 576 2164 in
587 2096 778 2166 co'mmunem
792 2121 917 2166 eausam
932 2100 1144 2167 sectorum'di-

125 2187 256 2247 cendum
271 2186 343 2247 nihil
358 2203 578 2267 magnoopere
591 2188 738 2250 videatur.
768 2188 850 2249 Haec
865 2188 944 2268 enim
956 2204 1052 2249 causa
1064 2203 1144 2248 nova

126 2271 263 2346 proiecto
278 2279 308 2331 et
322 2270 485 2351 singularis
503 2280 559 2333 est.
601 2270 671 2334 125.
692 2274 848 2333 Bonorum
870 2271 942 2333 Sex.
956 2271 1064 2333 Roscii
1083 2286 1143 2331 cm-

123 2360 196 2430 ptor
211 2353 259 2414 est
276 2354 504 2432 Chrysogonus.
540 2354 672 2416 Primum
691 2356 750 2418 hoc
767 2355 939 2417 videamus:
962 2354 1029 2416 eius
1048 2352 1143 2415 homi·

123 2435 172 2497 nis
185 2437 267 2498 bona
283 2455 343 2513 qua
358 2438 473 2499 ratione
488 2439 646 2501 venierunt
661 2449 713 2501 aut
728 2457 789 2517 quo
811 2428 903 2501 modo
917 2437 1022 2500 venire
1036 2446 1142 2514 potue·

123 2528 216 2582 runtt
228 2524 330 2596 Atque
346 2521 405 2582 hoc
422 2522 539 2584 nonita
554 2540 707 2598 quaeram,
722 2523 850 2598 iudices,
866 2531 900 2584 ut
913 2522 945 2583 id
959 2521 1059 2583 dicam
1073 2535 1143 2582 esse

123 2604 290 2681 indignum,
305 2604 437 2667 hominis
458 2605 628 2668 innocentis
645 2609 727 2670 bona
742 2605 877 2667 venisse.
918 2605 954 2667 Si
967 2605 1049 2667 enim
1065 2605 1142 2665 haec

122 2689 283 2750 audientur
297 2705 335 2748 aa
352 2689 445 2749 iibere
466 2690 613 2763 dicentur,
629 2708 691 2753 uon
706 2690 762 2752 tuit
776 2698 876 2751 tantus
892 2690 984 2772 homo
1000 2688 1072 2750 Sex.
1083 2688 1142 2749 Ro-

123 2770 206 2833 scius
220 2771 394 2850 incivitate,
411 2781 443 2835 ut
456 2774 495 2833 de
511 2790 549 2835 eo
563 2774 755 2850 potissimum
770 2789 1000 2849 conqueramur.
1029 2774 1142 2833 Verum

123 2871 181 2929 stro
196 2855 255 2917 hoo
271 2873 401 2932 quaeror
426 2855 478 2935 qui
492 2864 656 2931 potuerunt
668 2857 727 2920 ista
745 2857 814 2933 ipsa
828 2858 911 2932 lege,
928 2872 1007 2933 quae
1021 2857 1061 2917 de
1072 2870 1141 2931 pro-

123 2938 290 3013 scriptione
310 2948 372 3014 est,
393 2939 460 3001 sive
475 2940 598 3002 Valeria
618 2949 666 3002 est
686 2943 751 3003 sive
772 2940 911 3002 Cornelia
923 2974 966 2986 -
978 2955 1040 3000 non
1062 2937 1141 2999 enim

123 3020 196 3081 novi
215 3038 273 3083 nec
292 3022 359 3084 scio
380 3055 436 3098 -,
458 3039 564 3084 verum
589 3024 648 3086 ista
666 3024 735 3100 ipsa
754 3025 823 3101 lege
842 3025 925 3085 bona
944 3023 1017 3084 Sex.
1037 3019 1159 3088 Roscii

121 3103 227 3164 venire
242 3105 295 3181 qui
312 3114 495 3182 potueruntt
523 3105 593 3170 126.
617 3107 768 3184 Scriptum
783 3107 864 3169 enim
880 3109 922 3169 ita
934 3105 1044 3168 dicunt
1054 3120 1142 3165 essee

120 3203 158 3246 ur
171 3202 272 3256 nonum
286 3205 368 3250 sona
384 3199 528 3265 vanusne,
543 3208 592 3261 our
605 3207 775 3252 nnoscmrrr
791 3209 878 3252 sunna
898 3207 959 3266 quo
974 3189 1141 3251 innumero

122 3270 195 3330 Sex.
201 3271 334 3333 Roscius
346 3291 407 3334 non
419 3284 479 3337 est:
492 3291 550 3335 nur
559 3290 670 3349 annun,
683 3291 732 3344 our
743 3291 774 3336 ur
784 3289 1040 3336 nuvsusnruonuu
1050 3286 1141 3332 unnu-

102 3367 202 3409 smrs
225 3368 328 3416 occrst
350 3375 443 3420 suune
481 3361 555 3423 dum
583 3358 739 3438 praesidia
755 3360 821 3421 uiia
837 3361 972 3430 iuerunt,
993 3357 1024 3418 in
1039 3356 1141 3418 smine

76 3433 263 3497 praesidiis
272 3441 342 3503 tuit.
358 3443 476 3512 Postea
495 3464 593 3527 quam
608 3447 647 3511 ab
662 3444 759 3511 armis
771 3440 1026 3514 recesserunuin
1035 3453 1153 3499 summo
