2370 3780
394 212 475 276 che.
498 220 628 277 lo—13·
649 218 675 283 S·
689 219 823 276 att-43.
1080 211 1119 277 ll

92 367 208 442 midus,
222 364 358 444 virginali
370 363 571 440 verecundia,
582 364 682 426 subito
693 365 761 441 ipse
773 373 803 426 te
813 362 980 427 retinebas:
997 365 1119 427 excide·

91 453 144 514 bat
159 462 286 529 repente
302 449 414 513 oratioe
437 467 530 526 quum
547 465 677 524 cuperes
698 450 868 524 appellare,
888 466 949 509 non
971 450 1119 524 audebas,

91 554 131 597 ne
142 536 253 598 invitus
265 535 394 596 audiret.
418 534 453 593 ld
467 541 532 595 erat
545 535 694 609 prolecto.
724 533 787 592 Xll.
802 533 854 594 40.
870 533 1035 594 Credamus
1048 533 1116 606 hoc,

92 621 164 681 Sex.
171 619 327 692 Naevium,
342 617 527 693 cuiuscaput
540 625 706 692 oppugnet,
720 616 787 676 eius
794 617 920 678 auribus
927 615 1117 693 pepercisse.

89 703 184 764 -Si
206 702 379 774 debuisset,
402 701 510 776 Sexte,
531 700 665 777 petisses
682 709 712 761 et
727 699 861 776 petisses
878 699 994 773 statim,
1014 699 1116 763 sinon

89 786 205 862 statim,
220 787 324 863 paullo
337 785 457 860 quidem
473 793 559 860 post;
576 785 603 845 si
617 802 678 846 non
694 786 810 859 paullo,
826 794 858 846 at
871 785 1042 861 aliquant03
1060 801 1117 846 sex

90 869 215 948 quidem
225 869 285 931 illis
294 869 449 930 mensibus
458 870 851 944 prolecto;annovertente
862 870 929 930 sine
940 878 1116 930 controver-

88 955 144 1016 sia.
169 955 260 1014 Anno
276 960 306 1013 et
323 969 378 1012 sex
393 953 550 1014 mensibus
567 969 655 1021 vero,
674 969 767 1028 quum
782 952 836 1013 tibi
851 952 963 1014 cotidie
977 960 1115 1029 potestas

86 1038 219 1098 hominis
243 1037 350 1098 luisset
368 1034 568 1111 admonendi,
588 1036 716 1096 verbum
735 1037 850 1097 nullum
873 1036 964 1097 lacis:
993 1035 1115 1097 biennio

86 1121 147 1183 iam
164 1122 303 1181 conlecto
318 1121 381 1181 lere
395 1122 545 1195 appellas.
582 1119 655 1194 Quis
672 1129 733 1181 tam
753 1120 890 1195 perditus
911 1137 947 1180 ac
968 1122 1115 1196 profusus

85 1221 186 1281 nepos
208 1221 269 1265 non
283 1204 378 1265 adesa
394 1204 469 1277 iam,
492 1204 549 1264 sed
563 1204 728 1264 abundanti
743 1204 833 1264 etiam
847 1203 979 1279 pecunia
994 1207 1038 1265 sic
1053 1204 1115 1266 dis·

87 1291 207 1350 solutus
228 1287 351 1360 luisset,
371 1295 404 1348 ut
419 1287 475 1347 luit
492 1287 563 1347 Sex.
580 1286 737 1347 Naevius?
770 1287 867 1362 Quum
887 1287 1039 1353 hominem
1060 1305 1114 1350 no·

86 1371 185 1445 mino,
200 1372 274 1434 satis
289 1370 361 1432 mihi
375 1370 484 1431 videor
499 1370 611 1431 dicere.
632 1369 683 1433 41.
700 1371 809 1432 Debuit
825 1371 875 1432 tdoi
892 1371 923 1431 C.
941 1370 1113 1446 Quinctium

86 1473 251 1532 numquam
270 1454 383 1532 petisti.
422 1455 560 1515 Mortuus
584 1462 633 1515 est
651 1454 715 1516 ille=
735 1472 785 1515 res
806 1456 846 1515 ad
862 1456 1007 1515 heredem
1023 1455 1114 1516 venit.

86 1540 184 1614 Quum
198 1557 267 1600 eum
282 1538 394 1600 cotidie
408 1539 546 1611 videres,
562 1547 635 1614 post
646 1539 799 1599 biennium
816 1538 950 1613 denique
964 1541 1113 1613 appellas.

84 1623 275 1685 Dubitabitur
296 1631 396 1684 utrum
418 1621 456 1682 sit
476 1622 663 1698 probabilius
687 1622 758 1683 Sex.
780 1622 926 1682 Naevium
947 1622 1063 1696 statim,
1087 1621 1113 1683 si

86 1707 160 1784 quid
171 1708 348 1780 deberetur,
359 1706 520 1782 petiturum
533 1706 644 1779 luisse,
655 1723 694 1765 an
706 1723 744 1766 ne
756 1708 978 1782 appellaturum
991 1705 1114 1782 quidem

84 1791 231 1852 biennio?
256 1791 441 1866 Appellandi
463 1798 583 1867 tempus
599 1806 660 1850 non
683 1798 766 1851 erate
794 1793 835 1850 At
851 1798 951 1851 tecum
972 1792 1040 1865 plus
1060 1807 1112 1850 an-

84 1892 156 1936 num
173 1873 255 1936 vixit.
286 1876 320 1934 In
336 1873 432 1935 Gallia
452 1873 501 1949 agi
520 1890 581 1934 non
603 1875 722 1948 potuita
749 1876 790 1935 At
803 1873 876 1934 etin
892 1873 1050 1950 provincia
1064 1873 1113 1935 ius

85 1959 243 2020 dicebatur
263 1966 293 2018 et
308 1959 423 2018 Romae
446 1957 559 2018 iudicia
579 1958 702 2018 fiebant.
730 1959 851 2029 Restat,
875 1967 908 2019 ut
929 1966 981 2018 aut
996 1974 1113 2018 summa

78 2042 275 2118 negligentia
291 2040 345 2102 tibi
362 2039 511 2102 obstiterit
529 2050 581 2103 aut
596 2042 688 2101 unica
702 2041 876 2101 liberalitas.
911 2041 943 2101 Si
958 2041 1112 2117 negligen-

84 2126 156 2188 tiam
168 2127 268 2196 dices,
280 2125 469 2185 mirabimur:
482 2125 509 2185 si
519 2124 885 2198 bonitatem,ridebimus.
906 2126 1012 2199 Neque
1024 2142 1117 2199 prae-¹

84 2219 169 2271 terea
187 2209 260 2283 quid
280 2209 385 2285 possis
408 2209 510 2269 dicere
525 2209 669 2269 invenio.
697 2208 777 2269 Satis
795 2217 842 2269 est
856 2209 1024 2283 argumenti
1040 2208 1112 2269 nihil

86 2309 157 2354 esse
172 2292 306 2354 debitum
320 2293 450 2367 Naevio,
468 2294 552 2367 quod
567 2301 627 2354 tam
643 2294 695 2354 diu
710 2293 782 2353 nihil
800 2293 914 2366 petivit.

131 2402 135 2413 .
168 2376 244 2436 XIII.
262 2375 313 2439 la.
329 2377 420 2451 Quid,
440 2375 466 2437 si
483 2377 541 2436 hoo
553 2377 669 2452 ipsum,
688 2377 772 2451 quod
784 2393 863 2436 nunc
879 2377 965 2449 lacit,
982 2377 1111 2438 ostendo

84 2458 257 2522 testimonio
285 2477 356 2522 esse
384 2460 457 2519 nihil
483 2460 609 2520 deberit
651 2460 729 2535 Quid
752 2460 831 2520 enim
855 2477 934 2520 nune
957 2461 1018 2536 agit
1038 2461 1110 2522 Sex.

83 2542 241 2603 Naevius?
271 2545 335 2618 Qua
353 2545 392 2604 de
412 2560 446 2603 re
461 2543 670 2606 controversia
692 2551 760 2604 esti
791 2544 878 2617 Quod
900 2553 947 2605 est
960 2545 1019 2605 hoc
1034 2542 1110 2604 iudi·
1144 2596 1148 2603 .

84 2625 179 2699 cium,
196 2628 302 2702 inquo
318 2627 377 2688 iam
394 2626 549 2688 biennium
565 2635 742 2688 versamur?
763 2628 836 2703 quid
852 2628 971 2702 negocii
988 2627 1111 2703 geritur,

83 2709 114 2770 in
144 2726 205 2786 quo
227 2709 277 2769 ille
302 2719 346 2772 tot
365 2719 395 2771 et
418 2712 494 2771 tales
521 2711 605 2772 viros
633 2712 798 2786 defatigata
840 2712 1001 2772 Pecuniam
1027 2711 1110 2786 petit.

83 2794 169 2854 Nunc
185 2793 347 2872 deniq'uet
364 2796 478 2854 Verum
493 2802 592 2855 tamen
608 2804 705 2871 petat:
728 2796 895 2855 audiamus.
923 2793 974 2855 43.
998 2796 1042 2855 De
1062 2812 1110 2855 ra-

83 2877 218 2937 tionibus
234 2885 264 2936 et
274 2877 489 2939 controversiis
506 2879 659 2949 societatis
672 2880 735 2939 vult
750 2879 918 2939 diiudicari.
942 2879 1028 2941 Sero.
1048 2881 1108 2940 Ve-

83 2977 151 3019 rum
171 2961 333 3035 aliquando
354 2971 470 3023 tamen:
501 2964 717 3023 concedamus.
744 2963 827 3035 Non,
852 2961 963 3036 inquit,
986 2963 1017 3023 id
1040 2978 1109 3038 ago,

86 3044 117 3104 C.
132 3043 251 3119 Aquili,
267 3060 367 3119 neque
383 3046 412 3105 in
428 3063 465 3106 eo
481 3062 562 3106 nunc
577 3047 692 3108 laboro.
724 3044 855 3106 Pecunia
871 3062 938 3105 mea
954 3046 996 3108 tot
1010 3062 1108 3106 annos

83 3127 177 3188 utitur
191 3126 223 3185 P.
240 3127 404 3201 Quinctius.
435 3131 541 3190 Utatur
553 3146 636 3189 sane.
666 3131 734 3189 Non
749 3136 829 3204 peto.
859 3129 935 3203 Quid
950 3130 1039 3205 igitur
1053 3146 1109 3205 pu·

84 3219 241 3287 guaston
265 3212 348 3285 quod
368 3229 462 3288 saepe
485 3213 586 3272 multis
608 3212 639 3272 in
655 3214 731 3274 locis
749 3211 867 3286 dixisti,
889 3230 928 3273 ne
942 3213 972 3274 in
988 3213 1108 3273 civitate

84 3296 144 3356 sit?
170 3312 208 3356 ne
231 3296 333 3355 locum
356 3313 458 3368 suum,
491 3313 582 3371 quem
601 3297 701 3356 adhuc
725 3296 939 3358 honestissime
965 3295 1109 3370 delendit,

85 3377 240 3439 obtineat?
254 3394 293 3438 ne
305 3388 476 3440 numeretur
486 3379 564 3440 inter
575 3379 677 3441 vivos:
694 3379 838 3440 decernat
849 3382 887 3441 de
900 3382 962 3442 vita
975 3388 1006 3440 et
1020 3394 1108 3439 orna-

84 3462 192 3524 mentis
208 3462 273 3524 suis
289 3461 444 3524 omnibus:
472 3465 558 3542 apud
575 3462 859 3527 iudicemeaasam
866 3459 1126 3536 mmmmm-
