2370 3780
356 180 767 267 enare-›aneso—-sn
1043 176 1086 240 43

40 206 130 265 2³&th
163 233 166 243 ¹

301 284 402 311 eram·
421 294 423 299 ›
444 288 489 306 t

65 329 161 406 Finge
183 328 297 406 aliquid
317 297 423 391 saltem
443 329 617 404 commode,
637 338 728 395 utne
748 330 838 405 plane
852 327 985 392 videaris
997 329 1028 390 id
1043 331 1085 390 la-

66 430 153 487 cere,
175 416 258 490 quod
273 422 377 490 aperte
395 412 485 484 lacis,
507 413 597 491 huius
615 413 719 474 miseri
735 411 863 474 tortunis
877 421 907 474 et
919 413 1027 474 horum
1040 415 1085 472 vi·
1114 379 1165 463 cs..

62 513 166 557 rorum
190 497 293 558 talium
321 495 456 571 dignitati
480 496 615 580 Qdere.
636 531 678 542 -
697 496 892 557 Exheredarc
916 497 1009 556 filium
1030 515 1084 557 vo·
1109 473 1165 543 ...l

63 580 126 640 luit.
142 611 184 621 -
201 581 295 655 Quam
310 580 349 640 ob
364 587 509 640 causam?
522 614 564 625 —-
579 579 700 640 Nescio.
715 614 757 625 -
769 579 1085 641 Exheredavitnet—
1152 582 1155 587 '

61 665 139 724 Non.
156 697 199 711 -
226 663 299 737 Quis
320 663 549 737 prohibuitt—
570 664 734 739 cogitabat.
747 696 791 708 -
810 663 1008 740 [Cogitabatt]
1032 664 1084 723 Cui

62 746 159 809 diuite
179 782 222 795 -
244 746 370 806 Nemini.
393 781 429 791 —-
452 746 533 843 Quid!
551 747 701 833 esttaliud
720 745 832 808 iudicio
854 764 892 805 ac
912 747 1031 822 legibus
1048 763 1084 806 ac

61 829 219 892 maiestate
233 837 336 890 vestra
350 831 431 892 abuti
448 832 488 891 ad
501 821 664 906 quaestum
680 839 772 907 atque
787 830 827 889 ad
842 829 1009 904 libidinem,
1025 822 1083 890 nim
1101 874 1104 884 .

61 915 122 975 hoe
147 915 240 974 modo
264 930 409 975 accusare
424 923 515 991 atque
529 914 560 974 id
576 914 725 987 obiicere,
748 915 830 989 quod
844 916 968 989 planum
984 916 1085 973 lacere

60 1015 123 1058 non
137 998 228 1057 modo
244 1014 305 1058 non
316 998 438 1072 possis,
453 1015 607 1058 verumne
623 998 743 1059 coneris
756 997 899 1073 quidem?
925 997 975 1060 55.
990 998 1083 1057 Nemo
1143 1062 1144 1066 ,

61 1089 199 1142 nostrum
216 1089 277 1154 est,
291 1081 395 1154 Eruci,
413 1082 485 1156 quin
503 1080 579 1142 sciat
592 1081 646 1142 tibi
659 1081 830 1142 inimicitias
847 1098 915 1141 cum
935 1081 1007 1142 Sex.
1023 1083 1084 1144 Ro-

61 1164 127 1227 scio
149 1165 246 1225 nullas
267 1179 353 1225 esse:
377 1164 480 1226 vident
500 1181 606 1226 omues
628 1182 688 1241 qua
709 1166 747 1224 de
763 1182 857 1225 causa
870 1165 930 1225 huc
944 1164 1084 1225 inimicus

60 1246 183 1309 venias:
203 1247 301 1309 sciunt
311 1248 439 1309 huiusce
453 1247 583 1323 pecunia
597 1257 624 1309 te
638 1249 801 1309 adductum
815 1265 896 1308 esse.
919 1248 996 1322 Quid
1010 1264 1083 1323 ergo

61 1338 132 1392 estt
152 1331 311 1392 itatamen
334 1341 479 1408 quaestus
499 1341 529 1394 te
544 1331 687 1407 cupidum
701 1349 772 1392 esse
789 1332 962 1407 oportebat,
982 1339 1015 1391 ut
1029 1332 1083 1393 ho·
1109 1378 1124 1392 .

58 1433 125 1476 rum
146 1414 397 1478 existimationem
417 1424 448 1476 et
468 1418 565 1490 legem
578 1414 744 1476 Remmiam
765 1424 887 1490 putares
903 1414 1017 1490 aliquid
1031 1431 1083 1475 va·
1133 1412 1138 1417 ’

59 1501 123 1558 lere
139 1507 290 1573 oportere.
317 1500 380 1559 XX.
396 1501 601 1560 Accusatores
619 1500 730 1560 multos
746 1517 816 1561 esse
831 1498 862 1557 in
878 1498 997 1558 civitate
1011 1498 1084 1558 utile

59 1591 121 1657 est,
142 1590 175 1643 ut
194 1591 276 1643 metu
297 1581 485 1643 contineatur
505 1582 647 1643 audacia:
668 1601 775 1643 verum
789 1592 890 1643 tamen
905 1582 965 1641 hoc
982 1581 1023 1642 ita
1037 1589 1084 1641 est

58 1666 145 1737 utile,
161 1674 195 1726 ut
211 1683 249 1726 ne
264 1668 354 1740 plane
364 1665 585 1750 illudamunali,
596 1666 837 1728 accusatoribus.
870 1665 1022 1725 Innocens
1037 1673 1084 1726 est

59 1750 219 1824 quispiam,
238 1758 466 1843 verumtamen,
479 1736 661 1835 quamodrem
670 1751 785 1811 abesta
797 1751 895 1830 cplpa
908 1747 1084 1823 suspicione

57 1841 234 1893 tamennon
251 1840 341 1894 caret.
376 1832 665 1899 Tametsiutiiserum
681 1841 742 1907 est,
762 1843 861 1911 tamen
878 1832 921 1904 ei,
937 1832 990 1908 qui
1002 1832 1084 1893 hunc

11 1976 32 1993 ,J
58 1924 197 1989 accuset,
214 1916 331 1992 possim
345 1916 447 1991 aliquo
462 1918 553 1978 modo
569 1917 738 1992 ignoscere.
760 1916 857 1990 Quum
874 1917 952 1976 enim
968 1915 1084 1990 aliquid

31 1996 36 2039 3⁵
57 1999 168 2097 lethem
188 2001 281 2088 ‹lttpdn
292 1998 392 2082 possit
411 2000 573 2061 criminose
594 2017 630 2061 ac
650 1999 823 2075 suspiciose
838 1999 955 2071 dicere,
979 2007 1083 2074 aperte
1158 2052 1164 2075 ,

13 2068 262 2143 '““tuutteaitset‘
279 2072 459 2162 &liminii-
476 2083 576 2144 sciens
592 2100 652 2144 non
667 2085 814 2144 videatur.
852 2080 902 2143 56.
925 2082 1023 2156 Quare
1039 2079 1160 2169 laJJJ.

58 2165 116 2225 cile
132 2182 238 2225 omnes
253 2166 383 2240 patimur
398 2184 469 2228 esse
487 2183 576 2242 quarn
597 2166 743 2243 plurimos
764 2173 976 2237 accusatorem
999 2164 1083 2241 quod

56 2248 221 2322 innocens,
234 2249 262 2308 'si
278 2258 440 2311 accusatus
458 2250 511 2324 sit,
527 2250 645 2311 absolvi
662 2258 777 2325 potest,
800 2266 931 2321 nocem,
953 2248 1012 2308 nisi
1032 2264 1081 2308 ac-

58 2341 183 2392 cusatus
211 2333 312 2408 luerit,
342 2334 538 2395 condemnari
558 2351 619 2393 uon
641 2342 754 2407 potest:
787 2332 889 2393 utilius
911 2342 958 2393 est
982 2341 1082 2392 autem

56 2417 176 2475 absolvi
190 2415 381 2492 innocentem
397 2434 487 2492 quum
502 2426 660 2478 nocentem
675 2433 799 2477 causam
813 2434 874 2476 non
890 2416 1000 2476 dicere.
1019 2416 1080 2473 An-

58 2499 179 2559 seribus
200 2499 313 2560 cibaria
333 2500 456 2576 publice
470 2501 609 2561 locuntur
623 2509 761 2572 etcanes
778 2501 898 2561 aluntur
913 2498 943 2558 in
963 2497 1081 2574 Capito·
1103 2548 1109 2573 ·.
1134 2546 1157 2555 ,.

56 2582 114 2653 Ιίο,
138 2590 172 2642 ut
195 2581 366 2657 significent
386 2586 413 2645 si
434 2586 517 2644 tures
531 2584 678 2645 venerint.
713 2585 754 2645 At
777 2585 859 2645 sures
874 2583 1096 2643 internoscere¹
1113 2582 1165 2643 .'‚·

56 2682 116 2726 non
139 2675 284 2741 possunt:
313 2668 484 2743 significant
500 2678 614 2740 tamen,
637 2667 663 2728 si
685 2667 737 2742 qui
751 2677 843 2730 noctu
858 2668 888 2726 in
904 2663 1082 2741 Capitolium

55 2749 209 2823 venerint,
231 2758 261 2810 et
281 2751 352 2825 quia
373 2751 405 2812 id
426 2760 473 2813 est
490 2750 710 2827 suspiciosum,
732 2750 851 2813 tametsi
871 2749 987 2810 bestiae
1003 2756 1081 2821 sunt,

55 2841 156 2894 tanien
167 2832 198 2893 in
210 2845 402 2909 campartem
417 2835 519 2910 potius
530 2843 673 2910 peccant,
687 2853 765 2910 quae
777 2843 824 2896 est
836 2833 961 2894 cautior.
980 2832 1082 2906 Quod·
1095 2863 1107 2869 ··

56 2915 84 2976 si
108 2917 176 2976 luce
200 2933 322 2992 quoque
345 2937 437 2979 canes
462 2921 584 2990 latrent,
610 2936 701 2993 quum
717 2919 794 2980 deos
811 2918 972 2979 salutatum
986 2915 1081 2991 aliqui

54 2999 208 3072 venerint,
224 3000 341 3076 opinor,
349 3003 481 3063 iiscrure
494 3003 717 3077 suffringantur,
727 3004 809 3078 quod
822 3017 909 3061 acres
921 3001 981 3061 siut
991 2999 1081 3061 etiam
1138 3012 1143 3021 ⁸

54 3092 134 3156 tum,
156 3101 248 3158 quum
274 3085 407 3160 suspicio
429 3087 511 3146 nulla
528 3085 575 3147 sit.
615 3083 665 3148 57.
688 3085 843 3146 Simillima
858 3092 904 3145 est
920 3092 1080 3145 accusato·

53 3183 121 3228 rum
134 3166 222 3227 ratio.
251 3167 312 3227 Alii
327 3177 459 3243 vestrum
475 3185 600 3229 anseres
616 3177 699 3241 sunt,
717 3169 768 3244 qui
786 3177 900 3229 tantum
913 3169 1004 3229 modo
1020 3168 1079 3226 clu÷
1137 3243 1141 3250 Ι

55 3260 152 3324 mant,
169 3268 280 3313 nocere
293 3269 353 3311 non
371 3261 515 3328 possunt,
537 3251 587 3312 alii
603 3269 709 3322 canes,
726 3252 778 3327 qui
793 3262 822 3312 et
832 3253 940 3326 latrare
955 3260 985 3312 et
1001 3265 1079 3310 mor-

54 3334 128 3403 dere
151 3343 290 3409 possunt.
319 3326 438 3396 Cibaria'
456 3336 545 3397 vobis
567 3335 709 3410 praeberi
731 3335 883 3396 videmus:
903 3352 961 3395 vos
978 3341 1079 3393 autem

55 3420 185 3481 mraxime
205 3418 323 3480 debetis
346 3419 376 3478 iu
392 3436 446 3481 eos
463 3420 608 3496 impetum
623 3420 740 3493 faeere,
758 3419 813 3497 qui'
824 3427 983 3480 merentur.
1012 3416 1079 3474 Hoc
