2370 3780
111 240 153 305 80
284 238 359 303 PRO
382 239 415 315 Q.
434 238 573 301 ROSCIO
593 238 776 302 COMOEDO
798 239 950 304 ORATIO.

111 401 141 454 ot
160 391 362 468 ingeniosior,
380 391 442 451 hoc
460 391 550 452 docet
569 389 742 453 iracundius
763 402 794 453 et
813 391 1007 454 laboriosius.
1044 393 1127 468 Quod

110 477 188 537 enim
211 476 278 552 ipsc
300 474 437 536 celeriter
457 474 601 551 adripuit,
628 476 658 535 id
685 494 777 550 quum
797 478 883 537 tarde
903 476 1019 552 percipi
1039 478 1127 551 videt

110 560 318 621 discrucietur.
352 560 455 619 Paullo
472 559 591 634 longius
607 558 702 619 oratio
721 569 944 634 meaprovecto
960 569 1007 621 est
1022 559 1128 621 haedo

74 672 77 683 ·
110 660 218 717 causa,
243 653 275 705 ut
297 642 508 703 condicionem
534 642 687 702 societatis
712 643 871 717 diiigenter
892 644 1127 718 cognosceretis.

108 726 160 790 33.
184 727 266 801 Quae
281 726 391 786 deinde
408 733 478 784 sunt
495 732 681 785 consecuta?
706 726 892 801 Panurgum,
907 727 1018 802 inquit,
1039 727 1129 800 hunc,

110 827 233 870 servum
251 825 453 880 communem,
476 808 509 882 O.
523 808 646 868 Flavius
660 807 886 885 Tarquiniensis
902 811 1024 884 quidam
1041 810 1129 871 inter

109 894 191 955 iecit.
219 894 432 960 inhonorem,
451 891 562 967 inquit,
577 908 625 951 me
637 892 822 966 cognitorem
834 894 953 954 dedisti.
983 894 1048 953 Lite
1060 910 1130 954 con

109 986 234 1051 testata,
247 976 360 1037 iudicio
373 975 597 1037 damni'iniuria
612 975 791 1049 constituto,
805 985 837 1036 tu
849 977 914 1036 sine
926 993 973 1036 me
985 993 1054 1036 oum
1065 976 1129 1035 H,

109 1060 160 1120 vio
177 1059 325 1121 decidisti.
339 1092 379 1104 -
398 1060 504 1119 Utrum
522 1076 576 1134 pro
595 1058 719 1119 dimidia
733 1068 818 1134 parto
833 1077 870 1118 an
888 1077 941 1135 pro
959 1068 1043 1120 tota?
1066 1059 1129 1119 Pla-

109 1144 179 1204 nius
201 1144 312 1216 dio'am,
340 1151 439 1203 utrum
461 1159 517 1218 pro
543 1159 643 1201 mean
663 1160 718 1217 pro
735 1159 783 1202 me
799 1150 829 1202 et
841 1160 895 1217 pro
913 1150 965 1204 tet
988 1144 1044 1203 Pro
1063 1149 1130 1203 met

111 1227 196 1303 potui
204 1229 343 1302 exemplo
354 1230 529 1286 multorum:
546 1225 658 1286 tioium
672 1236 732 1287 est:
748 1227 813 1287 iure
828 1229 963 1287 iecerunt
976 1227 1075 1287 multi:
1088 1226 1129 1285 ni·

109 1311 151 1371 hii
165 1310 195 1370 in
212 1328 249 1371 ea
262 1328 295 1371 re
309 1310 362 1370 tibi
376 1310 503 1371 iniuriae
519 1309 591 1370 ieci:
620 1319 689 1385 pete
709 1319 741 1371 tu
762 1320 860 1381 tuum,
886 1310 973 1384 exige
997 1318 1027 1371 et
1046 1311 1130 1370 aufer

111 1396 195 1471 quod
212 1395 356 1455 debetur:
374 1411 459 1454 suam
476 1393 606 1469 quisque
621 1402 737 1469 partem
752 1393 825 1453 iuris
847 1394 1005 1467 possideat
1018 1401 1048 1453 ct
1064 1409 1128 1469 per·

111 1487 266 1553 sequatur.
281 1510 324 1520 —
344 1479 385 1539 At
408 1479 486 1537 enim
508 1485 540 1536 tu
560 1485 643 1537 tuum
662 1477 822 1552 negocium
844 1476 966 1551 gessisti
987 1477 1076 1537 bene.
1089 1509 1129 1521 -

111 1562 188 1621 Gere
201 1571 231 1622 et
241 1570 273 1622 tu
284 1570 367 1622 tuum
380 1563 516 1622 bene—
525 1561 636 1634 Magno
649 1568 680 1621 tu
693 1570 772 1621 tuom
788 1560 938 1620 dimidiam
951 1569 1067 1634 partem
1079 1561 1128 1620 do·

111 1645 272 1706 cidisti—
281 1646 392 1718 Magno
408 1653 438 1704 ct
453 1653 483 1704 tu
495 1652 576 1703 tuam
588 1651 704 1718 partem
719 1644 836 1704 decide.
851 1675 894 1688 -
906 1643 956 1703 HS
969 1660 1084 1705 cccmon
1097 1651 1129 1705 tu

14 1754 20 1767 ·
111 1729 269 1788 abstulisti.
309 1728 341 1787 Si
364 1727 475 1788 sithoc
497 1743 585 1800 vero,
609 1726 659 1786 HS
687 1744 799 1790 cccrooo
831 1736 862 1788 tu
888 1744 1012 1802 quoque
1034 1728 1128 1786 auter.

110 1813 173 1871 ΧΗ.
203 1810 253 1874 33.
282 1810 344 1870 Sed
364 1810 443 1869 hano
464 1810 650 1871 decisionem
666 1810 770 1871 Roscii
792 1811 926 1871 oratione
942 1821 972 1871 et
986 1809 1129 1885 opinione

111 1912 223 1969 augere
237 1894 322 1954 licet:
344 1910 378 1953 re
399 1902 428 1954 et
443 1893 567 1954 veritate
582 1895 765 1954 mediocrem
779 1903 809 1955 et
823 1901 942 1954 tenuem
958 1910 1029 1953 esse
1047 1893 1127 1953 inve-

110 1977 210 2038 nietis.
245 1977 372 2052 Accepit
397 1977 474 2037 enim
496 1994 601 2052 agrum
614 1977 801 2052 temporibus
816 1977 867 2051 iis,
890 1993 980 2052 quum
997 1977 1130 2037 iacerent

110 2063 214 2139 precio
232 2062 438 2136 praediorum:
461 2060 512 2137 qui
527 2077 599 2136 ager
613 2077 714 2137 neque
730 2063 829 2120 viliam
847 2060 951 2120 habuit
969 2077 1070 2136 neque
1091 2075 1130 2119 ex

109 2148 171 2206 ulia
185 2154 269 2220 parte
287 2146 342 2205 tuit
358 2147 472 2205 cuitus:
496 2146 546 2219 qui
568 2161 647 2205 nunc
668 2146 759 2205 mutto
777 2144 869 2220 pluris
889 2152 936 2205 est
952 2161 1043 2218 quam
1058 2152 1129 2204 tuno

111 2229 174 2289 iuit.
197 2229 301 2304 Neque
313 2230 402 2288 idest
417 2229 531 2288 mirum.
554 2228 626 2288 Tum
638 2229 717 2289 enim
732 2237 857 2304 propter
869 2228 914 2287 rei
927 2227 1068 2305 publicae
1081 2242 1128 2286 ca-

109 2310 258 2372 lamitates
280 2312 413 2372 omnium
433 2312 650 2387 possessiones
671 2321 756 2374 erant
769 2310 916 2386 incertae,
937 2328 1017 2371 nuno
1039 2312 1130 2371 deum

109 2395 321 2456 immortalium
342 2396 524 2471 benignitate
547 2396 678 2456 omnium
694 2397 831 2456 fortunae
846 2403 915 2455 sunt
935 2404 1050 2455 certae:
1066 2404 1130 2454 tum

111 2487 176 2539 erat
190 2494 262 2552 ager
282 2478 413 2539 incultus
429 2480 494 2542 sine
511 2488 604 2554 tecto,
626 2496 705 2539 nuno
723 2488 770 2540 est
784 2478 969 2539 cultissimus
987 2495 1056 2537 oum
1073 2494 1128 2552 op-

109 2565 182 2624 tima
194 2563 274 2622 vilia.
295 2562 345 2623 34.
360 2565 600 2637 Verumtamen,
618 2563 758 2638 quoniam
770 2570 876 2623 natura
886 2571 945 2622 tam
959 2561 1128 2621 malevolus

35 2673 37 2677 ’
111 2665 161 2720 es,
187 2663 350 2721 numquam
376 2647 435 2707 ista
456 2655 485 2707 te
506 2647 644 2708 molestia
665 2655 694 2707 et
711 2662 784 2707 curo
795 2645 940 2705 liberabo.
969 2645 1128 2704 Praeclare

112 2747 199 2791 suum
211 2729 624 2805 negociumgessitRoscius:
637 2732 761 2791 fundum
774 2728 1047 2789 fructuosissimum
1056 2729 1128 2787 abs·

111 2815 191 2876 tuiit=
215 2813 287 2890 quid
311 2814 350 2873 ad
366 2821 418 2873 tet
443 2822 523 2874 tuam
547 2823 662 2886 partem
680 2813 848 2885 dimidiam,
871 2812 1128 2887 quomadmodum

110 2896 175 2969 vis,
196 2895 313 2957 decide.
342 2897 440 2957 Vertit
461 2896 510 2956 hio
525 2896 672 2967 rationem
687 2906 716 2957 et
732 2897 777 2969 id,
806 2897 890 2970 quod
910 2897 1041 2970 probare
1065 2910 1127 2955 non

111 2989 226 3055 potest,
241 2981 356 3054 fingere
372 2989 507 3040 conatur.
528 3015 564 3024 -
582 2982 627 3040 De
641 2989 703 3040 tota
719 2997 767 3053 re,
781 2979 893 3055 inquit,
908 2978 1057 3038 decidisti.
1072 3013 1113 3023 -

192 3065 271 3138 Ergo
287 3065 345 3124 huc
356 3063 500 3124 universa
511 3080 604 3124 causa
618 3064 788 3134 deducitur,
804 3072 902 3123 utrum
913 3061 1043 3123 Roscius
1059 3078 1127 3122 oum

110 3146 213 3207 Flavio
231 3148 269 3207 de
290 3165 346 3208 sua
364 3156 450 3223 parte
471 3164 509 3207 an
527 3148 565 3208 de
584 3155 647 3208 toto
662 3146 807 3207 societate
822 3144 927 3207 fecerit
943 3145 1126 3220 pactionem.

109 3229 160 3291 35.
182 3231 255 3311 Nam
270 3248 327 3305 ogo
338 3231 497 3304 Roscium,
514 3230 540 3289 si
552 3231 625 3306 quid
638 3229 788 3291 communi
800 3229 921 3291 nomine
931 3228 1041 3303 tetigit,
1053 3245 1125 3289 con-

97 3315 194 3371 fiteor
200 3324 366 3386 proestare
382 3316 495 3376 debere
513 3314 659 3376 societati.
673 3347 716 3358 -
730 3312 906 3386 Societatis,
925 3328 987 3372 non
1002 3329 1076 3371 suas
1091 3311 1126 3370 ii-

82 3397 135 3478 tos
144 3395 299 3474 redemit,
316 3418 415 3477 quum
432 3402 566 3464 fundum
580 3418 600 3462 a
612 3398 721 3461 Rianio
735 3397 866 3472 aceepit.
877 3428 920 3437 —
933 3393 1070 3462 Offi'iio
1080 3411 1130 3450 eo·

21 3480 33 3504 ‘v
63 3470 109 3533 {rs
120 3489 191 3535 non
213 3479 321 3562 dedit,
344 3504 486 3554 omnus
503 3507 528 3551 n
545 3505 581 3553 su
598 3480 946 3551 uuurususuuuuurn‘t
964 3471 1026 3541 Otii
1038 3471 1081 3526 Q
1093 3487 1130 3526 su
