2370 3780
113 193 154 258 aa
266 193 341 255 rao
363 147 797 254 sax.aoscronunn1no
820 192 970 255 canno.

113 348 187 406 ritas
203 352 250 405 est
263 353 355 420 atque
370 347 550 421 amplitudo,
571 346 598 405 si
614 343 738 405 verbum
755 345 794 405 de
814 361 847 405 re
862 343 984 420 publica
1000 346 1136 420 lecisset,

114 431 144 489 id
160 430 243 504 quod
263 430 293 489 in
308 430 365 488 hac
380 446 473 490 causa
488 428 553 489 lieri
567 445 696 489 necesse
710 437 773 500 est,
793 429 885 489 multo
908 431 997 503 plura
1018 430 1138 491 dixisse

116 531 206 588 quam
230 513 359 573 dixisset
383 510 550 589 putaretur:
585 511 615 574 3.
641 529 697 587 ego
717 511 834 572 etiamsi
854 513 967 584 omnia,
991 530 1072 587 quac
1095 514 1137 573 di-

115 598 212 657 cenda
228 604 312 669 sunt,
328 597 421 656 libere
435 595 557 669 dixero,
572 612 767 670 nequaquam
780 604 880 664 tamen
893 595 1028 657 similiter
1040 597 1137 658 oratio

114 697 183 740 nica
202 681 285 738 exire
305 688 398 754 atque
415 679 577 754 invulgus
597 694 738 747 ernanare
759 680 883 753 poterit:
920 680 1031 740 deinde
1053 681 1139 755 quod

115 771 303 824 caeterorum
314 779 416 837 neque
430 762 543 823 dictum
558 763 722 823 obscurum
739 770 840 836 potest
856 779 927 824 csse
943 771 1069 839 propter
1083 780 1137 825 no·

113 847 259 907 bilitatcm
279 856 309 907 et
330 846 555 922 amplitudinem
574 863 673 921 neque
695 853 807 906 temere
824 846 904 906 dlcto
923 847 1052 907 concedi
1068 862 1137 922 pro-

114 940 182 1006 pter
196 938 324 990 aetatem
339 939 369 990 et
384 931 588 1004 prudentiam:
610 946 666 1005 ego
681 927 708 990 si
724 929 797 1004 quid
812 927 936 991 liberius
951 930 1073 1002 dixero,
1088 931 1138 990 vel

116 1014 266 1075 occultum
285 1029 371 1086 csse,
395 1022 556 1088 propterca
577 1014 661 1089 quod
681 1013 816 1074 nondum
838 1014 878 1073 ad
900 1030 964 1074 rem
984 1011 1137 1088 publicam

115 1095 249 1168 accessi,
265 1099 314 1156 vel
329 1097 446 1171 ignosci
457 1096 682 1158 adolescentiae
695 1112 782 1157 meac
796 1095 920 1170 poterim
941 1096 1061 1158 tametsi
1075 1113 1137 1172 non

114 1181 205 1240 modo
218 1179 396 1254 ignoscendi
407 1181 497 1253 ratio,
510 1180 715 1242 verumetiam
727 1181 934 1254 cognoscendi
946 1180 1137 1241 consuetudo

115 1265 174 1324 iam
185 1264 352 1325 decivitate
364 1265 482 1325 sublata
493 1274 548 1326 est.
564 1262 595 1326 4.
605 1263 793 1325 ¹Acceditilla
804 1279 925 1338 quoquc
938 1280 1041 1338 causa,
1054 1264 1137 1338 quod

115 1348 282 1408 acaeteris
304 1348 430 1408 forsitan
454 1349 495 1409 ita
512 1348 637 1424 petitum
660 1347 699 1408 sit
714 1354 745 1407 ut
766 1345 914 1419 dicerent,
936 1356 969 1408 ut
988 1346 1136 1408 utrumvis

116 1432 202 1492 salvo
222 1431 323 1492 ollicio
346 1433 446 1492 lacere
470 1447 504 1491 se
524 1448 620 1507 posse
637 1430 866 1490 arbitrarentur:
887 1446 906 1489 a
925 1447 973 1490 me
991 1440 1092 1491 autern
1107 1429 1136 1488 lri

116 1516 350 1588 contenderunt,
369 1515 420 1589 qui
431 1517 512 1590 apud
527 1532 575 1575 mc
590 1513 765 1574 etamicitia
779 1521 810 1574 et
822 1513 980 1573 beneficiis
995 1522 1026 1574 et
1041 1513 1137 1589 digni·

117 1608 176 1660 tate
196 1600 357 1674 plurimum
377 1606 521 1674 possunt,
545 1613 674 1673 quorum
694 1613 751 1672 ego
774 1614 875 1672 neque
895 1597 1137 1658 benevolentiam

116 1699 189 1757 erga
207 1699 256 1742 me
276 1681 417 1756 ignorare
437 1697 493 1741 nec
512 1680 718 1743 auctoritatem
744 1680 901 1756 aspernari
921 1697 977 1740 nec
998 1682 1136 1742 volunta-

115 1775 175 1824 tem
191 1763 344 1839 negligere
359 1765 495 1825 debeam.
515 1765 551 1824 ll.
573 1762 602 1826 5.
621 1764 676 1824 His
691 1765 730 1825 de
748 1763 849 1825 causis
865 1780 922 1838 ego
940 1763 1010 1824 huic
1024 1780 1138 1826 causae

116 1857 261 1923 patronus
276 1847 390 1919 exstiti,
411 1864 472 1908 non
487 1849 600 1909 electus
614 1864 694 1907 unus
715 1847 767 1923 qui
785 1847 916 1907 maximo
931 1847 1070 1922 ingenio,
1082 1849 1137 1910 sed

115 1932 239 1992 relictus
257 1938 300 1992 'cx
323 1931 462 1993 omnibus
492 1932 544 2007 qui
568 1931 690 1991 minimo
716 1930 851 2006 periculo
879 1946 1005 2005 possem
1026 1931 1136 2003 dicere,

116 2031 216 2088 neque
235 2015 279 2076 uti
301 2015 374 2076 satis
395 2015 480 2075 firmo
499 2014 651 2090 praesidio
669 2015 814 2075 defensus
829 2014 900 2073 Sex.
915 2014 1063 2088 Roscius,
1085 2031 1135 2075 ve-

115 2116 182 2158 rum
202 2098 304 2158 utine
325 2098 446 2159 omnino
467 2100 606 2160 desertus
629 2106 721 2158 essct
754 2097 892 2158 Forsitan
916 2098 1070 2173 quaeratis
1085 2099 1136 2173 qui

116 2183 174 2241 istc
192 2189 288 2242 terror
309 2182 347 2244 sit
361 2188 391 2243 et
406 2198 484 2256 quae
499 2189 581 2242 tanta
596 2181 739 2254 formido,
759 2196 837 2255 quac
853 2188 897 2241 tot
910 2197 946 2240 ac
960 2183 1037 2242 tales
1054 2181 1134 2242 viros

116 2265 261 2338 impediat
282 2284 343 2342 quo
367 2264 464 2324 minus
482 2281 537 2339 pro
559 2263 657 2340 capite
678 2273 710 2325 et
724 2263 851 2325 fortunis
873 2263 1012 2338 alterius
1032 2281 1135 2340 quem-

116 2349 279 2410 admodum
305 2355 503 2421 cons'uerunt‚
524 2364 648 2408 causam
667 2348 762 2408 velint
778 2348 888 2407 dicere.
935 2348 1022 2420 Quod
1036 2348 1134 2408 adhuc

115 2447 174 2492 vos
195 2432 335 2506 ignorare
355 2449 415 2492 non
437 2431 544 2493 mirum
565 2439 626 2504 est,
648 2441 810 2507 propterea
832 2431 916 2504 quod
937 2433 1075 2492 consulto
1097 2431 1134 2490 ab

116 2515 344 2576 accusatoribus
360 2516 426 2576 eius
440 2515 499 2588 rei,
524 2531 602 2590 quac
616 2514 762 2576 conflavit
775 2514 833 2572 hoc
848 2513 1006 2588 iudicium,
1023 2513 1133 2574 mentio

116 2602 196 2660 facta
215 2617 275 2661 non
303 2607 358 2661 est.
401 2598 431 2660 6.
453 2598 535 2671 Quae
555 2615 604 2658 res
623 2615 660 2658 ea
680 2604 747 2658 estt
779 2598 865 2656 Bona
895 2598 988 2670 patris
1008 2598 1134 2657 huiusce

117 2683 188 2743 Sex.
202 2681 322 2758 Roscii,
334 2699 413 2758 quae
428 2691 497 2742 sunt
508 2682 685 2755 sexagiens,
703 2697 782 2755 quac
797 2675 835 2739 de
848 2679 914 2740 viro
927 2681 1091 2742 fortissimo
1106 2687 1136 2739 et

117 2766 301 2841 clarissimo,
319 2767 353 2825 L.
370 2766 468 2840 Sulla,
492 2781 583 2839 quem
599 2763 724 2826 honoris
745 2779 839 2824 causa
854 2762 992 2837 nomino,
1014 2759 1140 2825 duobus·

116 2849 235 2911 milibus
252 2856 374 2910 numum
392 2865 464 2910 sese
484 2848 556 2910 dicit
572 2849 684 2909 emisse
698 2847 879 2907 adolescens
895 2848 944 2906 vel
961 2847 1133 2922 potentissi-

116 2949 183 2992 mus
202 2935 261 2996 hoc
276 2944 413 3009 ternpore
431 2939 553 2994 nostrae
574 2931 717 3004 civitatis,
738 2930 772 2988 L.
793 2929 947 2990 Cornelius
963 2930 1134 3008 Chrysogo-

117 3033 185 3078 nus.
212 3019 243 3078 ls
257 3036 276 3078 a
291 3017 396 3090 vobis,
417 3015 550 3090 iudices,
572 3016 630 3076 hoc
647 3014 794 3090 postulat,
813 3022 847 3073 ut
862 3012 1003 3088 quoniam
1017 3014 1048 3073 in
1063 3014 1133 3074 alie·

116 3116 186 3159 nam
203 3102 363 3175 pecuniam
380 3109 440 3161 tam
454 3101 574 3175 plenam
588 3107 679 3174 atque
697 3098 883 3173 praeclaram
904 3097 986 3158 nullo
1005 3097 1070 3158 iure
1090 3097 1132 3156 in-

116 3183 230 3244 vaserit
252 3185 456 3261 quoniamque
477 3182 506 3243 ei
527 3182 676 3259 pecuniae
702 3180 762 3240 vita
790 3179 861 3241 Sex.
881 3180 986 3244 Roscii
1012 3182 1133 3241 obstare

116 3277 207 3343 atquc
225 3269 348 3329 nificare
363 3269 514 3339 videatur,
535 3266 660 3327 deleatis
682 3280 722 3325 ex
737 3265 835 3324 animo
852 3280 908 3324 suo
929 3264 1133 3339 suspicionem

117 3368 236 3411 omnem
254 3360 426 3427 metumque
449 3349 575 3414 tollatis:
601 3364 672 3409 sese
691 3347 750 3406 hoc
765 3346 906 3408 incolumi
927 3363 987 3406 non
1009 3348 1132 3408 arbitra-

116 3445 163 3494 tur
183 3435 272 3499 huius
286 3434 455 3497 innocentis
469 3433 681 3513 patrimonium
701 3438 761 3493 tatn
776 3433 908 3510 amplum
926 3439 956 3491 et
972 3431 1132 3509 copiosum
