2370 3780
103 219 152 286 ⁴54
265 219 339 283 PRO
363 220 447 284 sat.
468 220 612 285 abacto.
628 219 803 289 umbaldo
822 220 974 284 ORATIO.

109 391 186 436 mus.
218 374 290 437 Erat
302 383 365 437 turc
378 373 537 437 multitudo
556 373 748 451 sicariorum,
770 373 801 436 id
817 375 900 450 quod
911 390 1126 437 commemora-

108 460 151 520 vit
169 458 313 532 Erucius,
333 466 367 520 et
384 457 524 521 homines
553 459 676 536 impune
708 459 932 523 occidebantur.
970 458 1070 533 Quidt
1092 475 1128 520 ea

107 543 267 606 multitudo
280 559 360 618 quae
374 550 459 603 erat?
480 542 609 618 Opinor,
625 551 678 604 aut
692 560 812 616 eorum,
831 541 884 619 qui
897 543 927 602 in
940 542 1031 605 bonis
1044 550 1128 604 erant

109 627 264 703 occupati,
282 635 335 687 aut
350 642 469 697 eorum,
491 627 543 701 qui
565 626 605 686 ab
625 626 662 686 iis
677 627 926 689 conducebantur
944 636 977 688 ιιι
995 625 1128 703 aliquem

108 710 292 772 occiderent.
327 708 430 770 Sicos
444 717 550 784 putas,
566 708 618 785 qui
638 709 769 770 alienum
786 711 984 786 appetebant,
1005 719 1036 772 ιιι
1050 727 1085 772 es
1097 710 1127 772 in

106 810 145 855 eo
162 804 305 867 numero,¹
322 791 375 869 qui
390 801 495 854 nostre
510 792 640 868 pecunia
655 793 742 855 dives
764 810 815 865 εει
831 793 879 855 sin
894 811 964 867 eos,
981 810 1059 870 quos
1076 793 1128 870 qui

107 876 222 940 leviore
239 877 362 939 nomine
376 878 530 952 appellant
543 894 744 953 percussores
758 884 870 938 vocant
876 894 1013 954 ,quaere
1026 876 1056 937 in
1072 894 1127 939 cu-

105 960 154 1023 ius
168 962 230 1023 tide
245 960 305 1021 sint
319 967 349 1020 et
364 960 516 1022 clientela.
533 960 605 1021 mihi
616 962 716 1034 crede,
727 960 860 1036 aliquem
871 962 910 1022 de
920 960 1066 1024 societate
1076 970 1129 1023 tua

102 1046 257 1121 reperies,
274 1051 319 1117 et,
334 1042 483 1141 quidquid
500 1044 532 1106 tu
547 1044 796 1117 contradixeris,
815 1043 847 1105 id
864 1062 933 1106 cum
949 1044 1127 1107 defensione

68 1124 72 1131 ’
105 1136 212 1190 nostra
231 1126 421 1189 contendito
445 1127 487 1189 ita
507 1128 648 1190 lacillime
668 1145 762 1189 causa
782 1127 853 1189 Sex.
868 1128 974 1191 Roscii
991 1146 1060 1191 cum
1077 1137 1127 1190 tua

105 1212 287 1273 conteretur.
313 1209 364 1273 94.
380 1210 487 1285 Dices.
503 1211 581 1287 Quid
596 1221 718 1288 postea,
734 1210 886 1274 siRomae
900 1212 1049 1276 adsiduus
1064 1212 1128 1275 luit

103 1296 328 1372 Respondebo.
344 1297 386 1356 At
401 1312 458 1370 ego
477 1296 598 1357 omnino
617 1314 676 1357 non
692 1296 744 1357 lui.
776 1295 886 1356 Fateor
908 1313 957 1358 me
978 1306 1126 1360 sectorem

75 1372 193 1467 'essm
215 1395 321 1442 verum
335 1378 430 1439 etalii
446 1379 540 1443 multi.
574 1381 614 1440 At
633 1396 705 1456 ego,
727 1387 759 1441 ut
774 1387 836 1441 tute
855 1381 974 1477 arguis,
995 1381 1127 1458 agricola

105 1471 137 1525 et
141 1459 292 1527 rusticus.
325 1462 393 1523 Non
408 1451 567 1537 continuo,
582 1464 609 1524 si
623 1480 671 1525 me
681 1462 712 1524 iu
726 1480 848 1540 gregem
861 1463 1041 1526 sicariorum
1056 1481 1126 1527 con·

103 1546 173 1622 tuli,
201 1564 270 1610 sum
284 1545 432 1611 sicarius.
463 1548 504 1609 Αι
524 1564 582 1625 ego
603 1548 757 1622 prolecto,
785 1545 838 1624 qui
859 1564 897 1609 ne
916 1545 989 1608 novi
1004 1549 1126 1647 quidem

105 1647 291 1708 quemquam
314 1628 473 1705 sicarium,
498 1632 590 1707 longe
609 1631 717 1691 absum
737 1631 776 1692 ab
798 1629 967 1697 eiusmodi
993 1632 1126 1694 crimine.

101 1715 253 1776 Permulta
269 1720 353 1786 sunt,
370 1730 449 1789 quae
460 1713 520 1775 dici
530 1721 663 1790 possunt
677 1731 770 1790 quare
785 1712 966 1790 intelligatur
979 1717 1135 1778 summam

103 1796 158 1861 tibi
175 1798 346 1859 facultatem
366 1795 462 1857 luisse
477 1796 617 1860 malelicii
631 1791 834 1873 suscipiendi,
851 1815 930 1874 quae
951 1816 1013 1861 non
1035 1801 1125 1863 modo

103 1880 217 1943 idcirco
230 1886 399 1958 praetereo,
416 1882 499 1956 quod
515 1890 544 1944 te
558 1881 660 1957 ipsum
674 1898 735 1942 non
748 1881 874 1943 libenter
885 1897 1009 1958 accuso,
1023 1901 1126 1946 verum

102 1978 142 2027 ec
155 1966 253 2043 magis
269 1964 375 2039 ctiam,
392 1966 491 2041 quod,
503 1964 531 2026 si
546 1966 585 2026 de
599 1964 657 2026 illis
675 1965 820 2028 caedibus
834 1965 925 2027 velim
945 1982 1125 2030 commemo·

101 2048 188 2124 r'are,
215 2049 377 2126 quactum
403 2051 501 2111 laetae
520 2058 592 2110 sunt
610 2048 668 2110 istc
690 2049 797 2110 eadem
817 2048 949 2122 ratione,
974 2046 1126 2127 qua'sm.

101 2132 235 2194 Roscius
252 2131 375 2195 occisus
395 2140 458 2206 est,
479 2148 588 2194 vereor
601 2150 639 2194 ne
655 2134 694 2193 ad
708 2135 812 2210 plures
832 2133 928 2195 oratio
949 2151 1018 2197 mea
1036 2135 1125 2212 perti-

70 2274 76 2283 .
103 2233 176 2279 nere
192 2215 339 2278 videatur.

187 2301 321 2362 XXXIV.
361 2297 412 2362 95.
445 2297 611 2361 Videamus
633 2316 713 2361 nunc
735 2298 873 2374 strictim,
897 2299 976 2362 sicut
996 2261 1124 2374 caetera,

105 2394 185 2461 quae
199 2390 411 2459 postmortem
427 2383 498 2444 Sex.
512 2382 618 2446 Roscii
633 2384 690 2445 abs
705 2391 750 2459 te,
769 2384 802 2449 T.
816 2384 924 2456 Rosci,
947 2386 1026 2447 lacta
1040 2393 1124 2455 sunt;

104 2483 183 2546 qaae
197 2467 239 2528 ita
255 2476 360 2544 aperta
375 2475 405 2529 et
417 2466 577 2529 manifesta
592 2476 672 2541 sunt,
689 2476 722 2530 ut
736 2484 784 2528 mc
800 2467 869 2528 dius
882 2467 984 2541 lidius,
998 2467 1124 2542 iudices,

102 2551 215 2612 invitus
229 2566 266 2612 ce
280 2550 389 2612 dicam.
420 2553 539 2612 Vereor
552 2551 647 2625 enim,
662 2550 844 2613 cuicuimodi
859 2567 908 2625 es,
922 2552 954 2612 T.
968 2551 1072 2626 Rosci,
1086 2567 1124 2615 ne

103 2633 144 2696 ita
157 2636 238 2696 hunc
250 2633 357 2696 videar
372 2633 509 2696 voluisse
526 2651 666 2708 servare,
687 2642 722 2696 ut
736 2634 788 2696 tibi
802 2635 924 2697 omnino
936 2652 999 2697 non
1016 2651 1124 2711 peper-

102 2719 204 2779 cerim.
238 2718 334 2793 Quum
349 2717 409 2779 hoc
421 2734 531 2780 vereor
545 2727 575 2780 et
590 2717 680 2794 cupio
695 2717 748 2779 tibi
763 2716 865 2793 aliqua
879 2735 917 2780 cx
931 2728 1026 2795 parte,
1040 2717 1125 2795 quod

97 2804 189 2865 salva
199 2802 260 2863 lide
274 2801 403 2877 possim,
415 2817 551 2876 parcere,
565 2818 672 2863 rursus
683 2800 806 2863 immuto
819 2803 1002 2864 voluntatem
1017 2818 1123 2864 meam.

102 2885 195 2947 Venit
216 2885 296 2947 enim
318 2883 389 2946 mihi
410 2884 586 2947 inurentem
607 2883 670 2947 oris
689 2883 742 2946 tui
780 2885 877 2958 Tene,
900 2903 992 2962 quum
1013 2883 1123 2948 caeteri

103 2968 182 3029 socii
196 2971 238 3031 tui
253 2971 391 3045 lugerent
405 2984 442 3029 ac
457 2985 492 3029 se
508 2969 705 3041 occultarent,
721 2975 755 3029 ιιι
768 2968 828 3029 lrcc
842 2968 986 3030 iudicium
1003 2986 1065 3030 non
1085 2970 1123 3029 de

100 3051 364 3129 illorum'praeda,
379 3053 435 3113 sed
449 3052 489 3112 de
502 3052 593 3114 huius
607 3051 756 3113 maleficio
772 3052 838 3112 lieri
852 3053 1013 3126 videretur,
1029 3051 1123 3128 polis·

67 3135 212 3209 „simum
231 3136 284 3198 tibi
304 3145 407 3213 partes
428 3135 763 3214 istasdepcpcscisse,
784 3144 817 3196 ιιι
836 3135 864 3196 in
886 3135 998 3198 iudicio
1021 3151 1122 3197 versor

100 3236 169 3280 rere
184 3227 215 3280 et
228 3221 354 3281 sederes
363 3236 437 3282 cum
451 3227 650 3283 accusatore?
684 3219 748 3293 Qua
758 3219 789 3279 in
803 3235 837 3279 re
852 3218 925 3281 nibil
938 3219 1021 3283 aliud
1033 3219 1122 3280 adse-

92 3304 215 3372 queris,
243 3302 306 3362 nisi
326 3312 358 3365 ιιι
377 3305 418 3365 ab
432 3303 573 3367 omnibus
593 3302 769 3365 mortalibus
789 3303 917 3364 audacia
935 3311 988 3364 tua
1010 3319 1122 3378 cogno·

69 3389 185 3443 ceatur
195 3391 230 3443 et
241 3385 451 3460 impudentia.
490 3388 544 3454 96.
573 3386 687 3453 Occiso
704 3385 928 3458 sealtcscto,
946 3385 1127 3458 adterimur

50 3455 223 3551 Amfm'am
238 3469 400 3534 nunciat?
427 3475 560 3541 Mallius
576 3475 729 3549 Glaucia,
748 3488 846 3552 quem
855 3469 924 3530 iam
940 3463 1158 3543 aribannum-⁴
