2370 3780
316 226 317 229 *
360 179 445 243 CAP.
459 185 591 243 nl-nt.
612 183 638 246 S·
653 185 783 241 77--8a
1038 175 1080 239 23

55 329 157 410 pridie
175 331 298 393 kalend.
320 328 526 393 intercalares.
554 328 652 390 Biduo
679 336 752 405 post
777 326 846 402 aut,
866 331 900 389 ut
920 327 1019 403 statim
1032 329 1078 388 'de

53 417 122 478 iure
140 415 250 491 aliquis
268 415 447 486 cucurrerit,
474 429 535 473 ncn
548 421 620 473 ‘tolo
641 412 743 473 triduo
763 428 816 470 nec
835 411 917 470 milia
933 428 1080 486 passuum

55 499 267 560 conficiuntur.
295 495 346 560 80.
368 496 470 557 Orem
484 495 707 557 incredibilem!
730 493 1079 570 ooupiditetemincon-

55 583 233 644 sideralem!
263 598 280 642 c
303 579 446 640 nuncium
468 582 636 641 volucrem!
674 577 853 639 Adminlslri
878 586 908 637 et
934 577 1078 638 satellites

56 667 128 727 Sex.
144 665 249 727 Naevii
263 667 361 725 Roma
378 672 461 725 trans
474 665 571 740 Alpes
586 663 617 723 in
633 661 820 737 Segusianos
834 660 927 722 biduo
943 661 1078 721 veniunt.

55 749 79 810 0
94 750 247 811 hominem
260 750 454 819 fortunatum,
469 747 521 823 qui
532 745 599 806 eius
609 745 691 806 modi
701 743 831 807 nuncios
844 761 899 805 seu
913 744 1015 820 potius
1025 743 1079 804 Pe-

55 850 149 908 gasos
166 833 286 892 lrabeat.
319 831 423 890 XXVI.
444 831 501 890 Hic
521 846 595 906 ego,
616 828 642 889 si
657 828 759 890 Crassi
780 845 886 890 omnes
901 845 969 889 cum
984 830 1079 888 Anto-

54 917 114 978 niis
128 916 292 989 exsistant,
306 915 332 974 si
344 924 389 986 tu,
402 915 436 973 L.
449 913 597 989 Philippo,
609 911 660 988 qui
671 911 749 974 inter
761 911 831 973 illos
842 912 984 982 florebas,
1001 912 1079 971 hanc

57 1017 183 1060 causam
198 998 284 1058 voles
300 1014 368 1059 cum
381 996 544 1059 Hortensio
559 996 676 1070 dicere,
690 1004 789 1056 tamen
806 995 946 1072 superior
960 995 1016 1054 sim
1027 1012 1079 1054 ne-

54 1099 146 1143 cesse
158 1091 214 1142 est.
242 1082 307 1142 Non
324 1080 419 1154 enim,
435 1080 690 1156 quemadmodum
704 1079 833 1155 putetiS,
849 1079 951 1140 omnia
965 1087 1035 1140 sunt
1049 1078 1079 1138 in
1139 1147 1142 1159 Ι

54 1165 245 1240 eloquentia=
260 1173 307 1225 est
321 1166 471 1240 quaedam
485 1172 584 1224 tamen
595 1162 637 1223 ita
647 1163 812 1239 perspicua
823 1162 950 1235 veritas,
966 1172 999 1224 nt
1013 1179 1080 1222 eam

55 1250 209 1309 infirmare
230 1250 311 1309 nulla
331 1265 382 1309 res
400 1247 507 1323 possit.
540 1244 591 1309 81.
612 1246 662 1307 An
678 1256 748 1309 ante
763 1264 854 1322 quam
871 1246 1033 1322 postulasti
1050 1254 1081 1307 ut

54 1335 138 1392 bona
157 1334 351 1407 possideres,
377 1329 487 1391 misisti
507 1329 560 1405 qui
582 1338 717 1403 curaret,
743 1339 776 1391 ut
797 1330 938 1391 dominus
962 1331 1000 1390 de
1020 1347 1077 1390 suo

57 1417 151 1476 lundo
172 1431 191 1474 a
210 1433 266 1477 suu
284 1415 397 1475 familia
417 1414 447 1474 vi
467 1415 668 1475 deiiceretur‘l
695 1415 875 1475 Utrumlibet
890 1412 984 1488 elige:
1007 1413 1079 1473 alte-

55 1517 121 1559 rum
141 1497 319 1559 incredibile
341 1507 402 1571 est,
424 1499 548 1558 alterum
569 1497 731 1569 nefarium,
753 1507 783 1558 et
803 1506 872 1557 ante
886 1497 945 1556 hoc
960 1505 1079 1570 tempus
1164 1558 1169 1575 ,

55 1591 215 1658 utrumque
236 1581 411 1643 inauditum.
449 1581 645 1657 Septingenta
671 1581 753 1641 milia
772 1597 919 1657 passuum
940 1579 988 1640 vis
1009 1595 1080 1640 esse

55 1667 187 1726 decursa
205 1665 322 1726 biduo?
350 1665 415 1725 Dic.
432 1665 555 1740 Negas?
579 1668 659 1725 Ante
679 1664 768 1740 igitur
782 1663 901 1725 misisti.
928 1662 1018 1724 Malo.
1047 1662 1080 1723 st

54 1748 135 1809 enim
149 1748 223 1809 illud
235 1749 369 1821 dicerem
384 1747 521 1824 improbe
532 1748 649 1811 mentiri
661 1749 812 1829 viderere:
829 1764 923 1823 quum
935 1746 995 1807 hoc
1007 1763 1080 1807 oon-

54 1832 163 1905 literis‚
185 1833 217 1893 id
232 1841 261 1893 te
277 1832 439 1899 admisisse
453 1831 613 1905 concedis,
635 1834 717 1908 quod
733 1850 771 1893 ne
785 1829 944 1892 mendacio
957 1830 1080 1906 quidem

56 1923 157 1990 tegere
181 1915 295 1992 possis.
330 1915 395 1975 Hoc
417 1914 578 1977 consilium
598 1915 722 1990 Aquilio
744 1925 774 1976 et
792 1916 905 1976 talibus
924 1913 1080 1974 viris'lam

54 1999 215 2074 cupidum,
230 2009 289 2059 tam
302 2000 420 2070 audax,
435 2007 495 2060 tum
509 2000 699 2060 temerarium
715 1998 910 2074 probabitur?
936 1997 986 2060 82.
1003 1998 1080 2072 Quid

55 2083 132 2143 haec
146 2082 291 2157 amentia,
313 2082 387 2158 quid
406 2083 482 2143 haec
504 2083 672 2156 festinatio,
696 2082 770 2158 quid
791 2083 868 2142 haee
883 2081 1079 2142 immaturitas

55 2173 138 2225 tanta
151 2164 323 2240 significate
335 2183 396 2227 non
410 2165 493 2226 vimi
506 2183 566 2227 non
581 2168 704 2229 scelus?
718 2185 778 2226 non
793 2164 1003 2227 latrocinium?
1018 2182 1079 2226 non

56 2249 189 2322 denique
205 2249 439 2326 omnia'potius‚
457 2250 625 2325 quamius,
642 2267 732 2325 quam
748 2249 897 2323 cilicium,
920 2265 1010 2325 quam
1025 2267 1078 2325 pu-

56 2333 184 2392 dorem?
211 2332 304 2394 Mittis
324 2334 444 2394 iniussu
463 2328 622 2408 praetoris.
656 2335 721 2407 Quo
743 2333 894 2395 consilio?
922 2335 1079 2394 Iussurum

56 2413 199 2476 sciebas?
225 2416 318 2490 Quid,
333 2434 426 2494 quum
441 2416 596 2488 iussisset,
612 2427 673 2478 tum
687 2416 803 2479 mittere
819 2433 919 2478 nonne
935 2422 1080 2492 poteras?

54 2497 264 2561 Postulaturus
286 2517 366 2561 eras.
404 2500 553 2574 Quando?
578 2503 651 2562 Post
671 2502 737 2561 dies
753 2518 826 2561 xxx.
856 2501 987 2576 Nempe,
1009 2498 1036 2560 si
1050 2506 1079 2559 te

56 2580 130 2640 nihil
147 2581 321 2658 impediret,
345 2583 372 2644 si
388 2586 528 2645 voluntas
542 2586 649 2644 eadem
665 2593 814 2659 maneret,
833 2584 859 2645 si
877 2585 1011 2656 valeres,
1026 2583 1079 2642 de-

56 2665 150 2740 nique
166 2665 193 2725 si
209 2665 336 2728 viveres.
371 2667 495 2729 Praetor
510 2667 626 2729 scilicet
643 2667 795 2730 iussisset.
829 2668 957 2743 opinor,
973 2666 1000 2726 si
1018 2667 1079 2726 vel-

56 2751 111 2821 let,
125 2748 151 2808 si
163 2750 289 2821 valeret,
303 2750 389 2811 silus
402 2751 528 2824 diceret,
543 2752 568 2810 si
580 2769 669 2813 nemo
680 2759 852 2824 recusaret,
865 2751 967 2826 quiex
980 2749 1078 2825 ipsius

56 2833 180 2893 decreto
196 2841 226 2893 et
247 2835 319 2894 satis
337 2835 423 2895 daret
436 2842 466 2895 et
484 2834 627 2896 iudicium
641 2836 782 2911 accipere
795 2837 899 2903 vellet,
925 2834 975 2897 83.
994 2835 1078 2905 Nam,

57 2930 113 2989 per
131 2915 207 2977 deos
229 2917 428 2992 immortales,
449 2917 476 2978 si
493 2920 619 2980 Alienus
635 2928 815 2994 procurator
834 2919 866 2978 Ρ.
884 2916 1012 2991 Quinctii
1026 2917 1079 2977 tibi

55 3007 119 3058 tum
141 2998 215 3059 satis
227 3002 317 3061 daret
331 3011 361 3062 et
381 3000 526 3062 iudicium
541 3003 681 3078 accipere
695 3005 800 3074 vellet,
823 3001 955 3075 denique
970 3001 1079 3074 omniu,
1149 2997 1151 3000 ⁴

57 3097 137 3156 quae
152 3084 339 3157 postulares,
362 3085 462 3145 lacere
476 3084 638 3158 voluisset,
661 3086 735 3161 quid
749 3091 878 3159 ageres?
904 3087 1078 3146 Revocares

21 3162 27 3172 ‘
57 3181 141 3234 eum,
159 3182 250 3238 quem
261 3165 291 3225 in
304 3167 429 3227 Galliam
443 3169 592 3228 miserest
614 3172 655 3230 At
668 3170 716 3230 lric
729 3169 853 3245 quidem
863 3168 922 3229 iam
934 3171 973 3230 de
984 3168 1078 3230 lundc

56 3249 221 3323 expulsus,
235 3248 295 3308 iam
312 3251 408 3311 asnis
423 3252 470 3313 dis
485 3253 647 3327 penatibus
658 3268 808 3328 praeceps
822 3252 953 3324 eiectuS,
968 3252 1026 3312 iam
1036 3282 1079 3294 -

58 3333 141 3406 quod
157 3332 400 3406 indignissimum
415 3344 463 3398 est
475 3369 518 3382 ·-
532 3353 664 3398 suornm
676 3353 848 3396 seruorum
856 3330 1104 3404 maximus-my

51 3413 99 3474 cio
113 3423 207 3492 atque
219 3416 354 3496 imperio
369 3427 424 3486 tuo
437 3424 579 3487 violatus
595 3430 699 3486 esset.
732 3409 1029 3490 boriiueresnuee
1043 3397 1132 3450 mxx-
