2370 3780
92 208 112 272 6
350 203 425 266 PRO
445 205 478 265 P.
500 203 674 279 Quinctio
696 203 846 266 ORATIO.

92 357 241 421 deteriore
254 364 391 433 tempore
412 357 524 418 absens
545 355 750 418 auctionatum
776 355 917 433 Scapulis
940 356 1112 420 difficiliore

91 441 271 519 condicione
285 439 434 501 dissolvit
454 443 537 502 Tunc
554 441 688 515 appellat
702 443 779 502 ultro
791 441 953 515 Naevium,
967 451 1000 503 ut
1014 459 1112 518 quon-

90 527 150 588 iam
170 526 377 602 suspicaretur
397 524 558 600 aliquado
578 540 614 583 re
633 525 699 585 lore
719 525 973 599 controversiam,
993 525 1112 587 videret

90 620 124 672 ut
147 627 237 686 quarn
262 608 391 684 primum
414 615 444 668 et
469 625 561 684 quam
587 606 708 668 minima
732 625 801 669 curn
824 610 963 671 molestia
981 616 1044 670 tota
1060 627 1111 671 res

91 693 325 769 transigeretur·
339 691 390 754 al.
411 693 470 753 Dat
483 691 540 753 iste
551 689 680 752 amicum
694 692 734 751 Μ.
746 692 940 766 Trebellium,
956 710 1014 753 nos
1029 708 1110 754 com-

89 794 211 840 munem
231 775 452 849 necessarium,
476 776 528 851 qui
548 774 635 836 istius
657 773 739 835 domi
759 782 823 835 erat
840 779 987 838 educatus
1002 784 1032 837 et
1049 793 1110 852 quo

89 863 229 925 utebatur
251 859 309 920 iste
329 858 502 936 plurimum,
526 857 732 935 propinquum
754 866 905 936 nostrum,
934 860 1006 922 Sex.
1027 862 1110 921 Alle-

90 963 171 1007 num.
203 945 265 1004 Res
286 942 449 1003 convenire
470 943 664 1003 nullomodo
684 950 817 1018 poterat,
842 953 1005 1019 propterea
1027 945 1110 1019 quod

89 1029 138 1090 hic
146 1027 327 1089 mediocrem
335 1025 478 1087 iacturam
489 1028 588 1086 lacere
601 1025 756 1101 cupiebat,
770 1025 827 1086 iste
839 1027 984 1089 mediocri
995 1029 1111 1104 praeda

84 1118 249 1173 'contentus
271 1127 333 1171 non
351 1117 423 1170 erat.
458 1109 509 1172 22.
532 1111 637 1184 ltaque
658 1126 699 1170 ex
721 1125 758 1171 eo
774 1117 911 1186 tempore
925 1126 975 1181 res
992 1127 1062 1172 esse
1079 1111 1109 1170 in

91 1194 294 1256 vadimonium
310 1194 420 1270 coepit.
447 1194 543 1267 Quum
558 1193 733 1254 vadimonia
752 1209 847 1268 saepe
858 1195 950 1254 dilata
964 1203 1067 1255 essent
1081 1204 1111 1255 et

90 1297 183 1356 quum
204 1279 389 1353 aliquantum
410 1276 554 1353 temporis
575 1279 605 1336 in
626 1294 664 1338 ea
682 1293 716 1337 re
733 1285 816 1337 esset
832 1287 1042 1353 consumptum
1058 1294 1109 1338 nc·

89 1380 149 1439 que
170 1361 335 1438 quidquam
355 1362 522 1436 proiectum
546 1369 644 1434 esset,
663 1359 747 1421 venit
760 1362 799 1421 ad
815 1360 1020 1421 vadimonium
1033 1363 1110 1423 Nae·

88 1449 167 1508 vius.
206 1446 258 1506 Vl.
280 1445 428 1519 Obsecro,
449 1445 479 1504 C.
493 1444 597 1520 Aquili
620 1460 754 1518 vosque,
778 1444 830 1520 qui
850 1444 966 1505 adestis
986 1444 1015 1504 in
1037 1462 1109 1506 con·

89 1530 171 1605 silio,
192 1537 226 1591 ut
242 1528 401 1604 diligenter
415 1528 590 1602 attendatis,
611 1535 645 1589 ut
666 1527 818 1602 singulare
832 1545 929 1603 genus
950 1528 1065 1588 fraudis
1080 1538 1110 1590 et

88 1617 199 1676 novam
224 1613 370 1673 rationem
396 1612 573 1673 insidiarum
594 1628 781 1687 cognoscere
805 1610 940 1688 possitis.
980 1609 1032 1673 23.
1058 1612 1110 1673 Ait

89 1715 123 1760 se
138 1697 342 1759 auctionatum
359 1712 429 1756 esse
446 1695 477 1755 in
489 1695 600 1755 Gallias
615 1696 699 1771 quod
714 1695 772 1755 sibi
787 1695 940 1757 videretur
954 1711 988 1756 se
1004 1695 1108 1755 vendi-

89 1780 188 1842 disse=
212 1796 337 1840 curasse
351 1796 391 1839 ne
406 1780 479 1854 quid
493 1779 551 1839 sibi
566 1779 697 1840 societas
714 1780 853 1839 deberet:
878 1794 912 1839 se
932 1778 992 1839 iam
1008 1795 1108 1854 neque

89 1863 193 1925 vadari
209 1863 339 1938 amplius
354 1879 454 1938 neque
467 1862 671 1924 vadimonium
683 1863 872 1938 promittere:
888 1862 914 1922 si
930 1861 1003 1938 quid
1017 1879 1108 1938 agere

87 1949 161 2009 velit
181 1964 286 2007 secum
302 1944 472 2021 Quinctius,
494 1963 555 2007 non
574 1962 728 2006 recusare.
758 1947 815 2006 llic
831 1962 924 2022 quum
938 1963 1002 2006 rem
1018 1947 1108 2006 Galli-

90 2048 197 2092 canam
218 2040 342 2106 cuperet
362 2031 511 2100 revisere,
530 2029 683 2090 hominem
706 2029 736 2090 in
752 2029 927 2105 praesentia
940 2046 1002 2089 non
1017 2030 1107 2089 vada-

88 2124 149 2191 tur:
167 2116 208 2176 ita
222 2114 288 2175 sine
305 2113 478 2176 vadimonio
494 2113 668 2174 disceditur.
695 2113 812 2175 Deinde
826 2114 942 2174 Romae
959 2112 1026 2174 dies
1043 2130 1108 2175 xxx

88 2200 151 2260 lere
182 2198 338 2272 Quinctius
371 2206 581 2258 commoratur.
638 2197 710 2257 Cum
743 2197 871 2258 caeteris
904 2214 984 2272 quae
1016 2196 1108 2257 habe-

87 2282 138 2343 bat
171 2281 344 2342 vadimonia
380 2281 498 2352 diflert,
532 2288 566 2342 ut
601 2281 763 2356 expeditus
798 2279 830 2340 in
861 2281 987 2340 Galliam
1015 2281 1108 2357 proli-

87 2365 162 2428 cisci
183 2374 298 2440 posset.
332 2364 545 2425 Proficiscitur.
581 2363 632 2425 24.
652 2365 750 2425 Roma
771 2364 925 2439 egreditur
944 2364 1107 2426 antediem

84 2466 110 2511 11
126 2450 252 2510 Kalend.
270 2447 450 2509 Februarias
471 2447 627 2520 Quinctius
650 2447 794 2524 Scipione
816 2456 845 2508 et
863 2449 1006 2510 Norbano
1025 2465 1106 2509 coss.

86 2533 220 2609 Quaeso,
242 2541 275 2592 ut
295 2549 363 2593 eum
384 2531 463 2591 diem
483 2530 645 2592 memoriae
666 2530 825 2591 mandetis.
858 2531 892 2592 L.
908 2532 1016 2593 Albius
1035 2531 1107 2597 Sex.

85 2616 166 2678 lilius
182 2616 304 2690 Quirina
326 2615 371 2675 vir
390 2616 489 2674 bonus
512 2623 541 2675 ct
564 2631 632 2675 cum
648 2615 754 2690 primis
767 2613 916 2677 honestus
932 2634 992 2677 una
1005 2616 1077 2691 prol
1094 2648 1106 2656 -

86 2708 153 2760 ctus
169 2708 224 2761 est.
258 2700 354 2773 Quum
374 2698 532 2759 venissent
548 2700 587 2759 ad
602 2702 630 2758 V
632 2700 690 2759 ada
704 2699 903 2758 Volaterrana
918 2716 996 2775 quae
1011 2699 1106 2758 nomi-

86 2791 208 2857 nantur,
229 2783 334 2845 vident
355 2782 586 2856 perlamiliarem
606 2781 726 2855 Naevii,
747 2782 800 2857 qui
820 2798 860 2843 ex
877 2783 973 2843 Gallia
992 2798 1105 2858 pueros

87 2869 210 2927 venales
224 2866 274 2927 isti
288 2866 473 2940 adducebat,
487 2865 520 2924 L.
536 2865 717 2937 Publicium,
735 2865 801 2941 qui,
825 2875 858 2927 ut
872 2867 999 2926 Romam
1014 2863 1104 2936 venit,

85 2958 186 3011 namet
198 2949 312 3010 Naevio
328 2967 388 3025 quo
405 2949 434 3009 in
453 2951 522 3009 loco
536 2949 645 3009 viderit
656 2948 835 3023 Quinctium.
853 2959 875 3032 †
890 2950 978 3024 Quod
992 2947 1050 3010 nisi
1066 2965 1106 3008 ex

83 3032 217 3094 Publicio
238 3041 389 3094 narratum
410 3033 524 3093 Naevio
547 3042 644 3106 esset,
665 3050 726 3093 non
749 3041 809 3094 tum
831 3034 890 3094 cito
911 3050 961 3093 res
982 3031 1012 3092 in
1034 3048 1106 3092 con-

84 3118 247 3179 tentionem
262 3116 406 3177 venisset.
449 3116 500 3177 25.
521 3117 595 3177 Tum
608 3116 741 3177 Naevius
763 3134 878 3193 pueros
897 3116 1011 3177 circum
1032 3113 1104 3174 umi-

84 3216 140 3262 cos
162 3198 295 3261 dimittit:
321 3199 390 3275 ipse
419 3218 493 3261 suos
514 3201 707 3262 necessarios
728 3202 766 3261 ab
788 3199 873 3261 atriis
892 3199 1015 3259 Liciniis
1035 3205 1105 3257 eta

84 3283 222 3344 faucibus
245 3282 362 3343 macelli
383 3293 538 3360 corrogat,
560 3293 594 3346 ut
613 3285 654 3345 ad
667 3284 799 3344 tabulam
818 3281 951 3344 Sextiam
974 3279 1032 3342 sibi
1051 3282 1105 3340 ad-

84 3365 144 3428 sint
163 3367 238 3427 hora
269 3367 405 3427 secunda
424 3367 581 3443 postridie.
620 3366 755 3427 Veniunt
783 3367 966 3442 trequentes.
1009 3363 1104 3425 Testi-
1175 3424 1178 3431 ,

71 3450 191 3505 fleatur·
211 3449 273 3510 iste
299 3467 325 3508 n.
347 3467 504 3519 ourucrruu
524 3465 584 3511 uon
605 3465 733 3511 srrrrssr
751 3465 788 3509 nr
814 3466 850 3511 sn
869 3463 1007 3510 srirrssa.
1049 3448 1104 3508 Ta·
