2370 3780
367 201 449 263 CAP.
467 208 543 264 18-
553 210 596 263 20.
618 207 644 269 S·
659 207 801 279 iil—852
922 238 926 256 1
1054 203 1094 268 ⁵1

75 365 142 417 stus
154 353 210 416 sim
228 354 332 430 rabie,
348 353 484 428 iudices,
499 362 551 415 aut
564 371 603 414 ne
617 351 746 430 ingeniis
762 351 873 414 vestris
892 352 996 415 videar
1015 353 1094 416 dilll·

73 440 162 512 dere,
184 438 343 500 sidetem
364 436 537 514 perspicuis
557 438 651 499 rebus
672 437 784 499 diutius
802 436 961 502 disseram.
993 438 1095 500 Erucii

73 521 238 593 crirninatio
254 531 330 594 tota,
347 528 380 582 ut
392 521 535 592 arbitror,
552 521 701 582 dissoluta
715 530 776 592 est;
799 519 858 581 nisi
883 522 962 582 torte
985 538 1094 598 exspe-

72 606 160 669 ctatis
173 614 207 667 ut
217 605 268 668 illa
283 607 403 676 diluam,
421 623 500 681 quae
514 606 552 665 de
568 607 710 680 peculatu
719 621 756 665 ac
772 605 811 665 de
825 604 987 666 eiusmodi
1001 606 1093 666 rebus

71 688 290 753 commenticiis
304 687 438 750 inaudita
458 689 545 750 nobis
557 698 627 749 ante
641 688 700 749 hoc
716 697 836 765 tempus
853 704 890 749 ac
910 706 992 749 nova
1012 690 1093 749 obie-

70 773 126 848 cit3
139 790 220 850 quae
232 771 304 853 mihi
315 772 372 833 iste
384 772 468 833 visus
480 781 577 834 estex
589 771 648 832 alia
659 771 796 834 oratione
808 773 988 847 declamare,
1004 789 1094 847 quam

69 859 101 918 in
115 858 208 918 alium
220 872 306 917 reum
322 865 587 926 commentaretur3
605 856 646 916 ita
667 872 767 932 neque
786 856 827 915 ad
842 855 955 916 crimen
969 856 1094 933 parrici-

69 940 113 1002 dii
128 955 229 1016 neque
245 940 286 999 ad
300 957 381 1016 eum,
397 941 449 1017 qui
465 956 589 1001 causam
603 938 690 1012 dicit,
704 938 910 1014 pertinebant:
928 940 967 1001 dc
983 939 1094 1015 quibus

72 1025 220 1100 quoniam
235 1024 327 1085 verbo
341 1023 454 1099 arguit,
476 1025 569 1084 verbo
594 1021 667 1084 satis
683 1032 730 1084 est
750 1039 872 1099 negare.
902 1023 934 1085 Si
957 1025 1095 1100 quidest

70 1108 157 1184 quod
170 1107 210 1166 ad
224 1115 317 1168 testes
331 1116 481 1180 reservet,
506 1106 547 1167 ibi
563 1123 686 1183 quoque
706 1123 780 1180 uos,
800 1115 833 1168 ut
855 1106 884 1166 in
906 1107 975 1184 ipsa
990 1122 1093 1179 causa,

69 1190 239 1267 paratiores
254 1191 385 1267 reperiet
396 1208 487 1267 quam
502 1191 636 1266 putabat.
657 1189 748 1250 XXX.
769 1190 820 1253 83.
841 1191 940 1253 Venio
953 1207 1033 1252 nunc
1044 1207 1093 1263 eo,

70 1291 133 1350 quo
147 1289 195 1333 me
210 1291 270 1335 non
285 1274 435 1349 cupiditas
451 1274 547 1348 ducit,
569 1275 626 1335 sed
639 1274 736 1336 fides,
766 1275 841 1335 Nam
858 1274 884 1335 si
901 1275 972 1335 mihi
986 1274 1094 1335 liberet

69 1373 231 1432 accusare,
255 1374 431 1419 accusarem
454 1357 531 1419 alios
548 1354 666 1433 potius,
688 1354 860 1434 exquibus
883 1375 1006 1434 possem
1027 1375 1092 1420 cre·

69 1457 172 1503 scere=
188 1443 272 1516 quod
288 1451 402 1503 certum
416 1449 537 1502 estnon
551 1443 661 1515 lacere,
677 1442 748 1503 dum
762 1441 910 1503 utrumvis
925 1440 1034 1503 licebit.
1062 1443 1093 1502 ls

69 1524 150 1586 enim
166 1524 239 1586 milri
253 1525 373 1587 videtur
389 1524 609 1600 amplissimus,
633 1525 685 1601 qui
706 1543 763 1586 sua
779 1525 890 1586 virtute
910 1523 941 1585 in
955 1524 1092 1586 altiorem

67 1608 169 1669 locum
186 1608 340 1684 pervenit,
359 1625 419 1669 nou
442 1607 493 1683 qui
507 1608 645 1670 ascendit
658 1625 715 1684 per
729 1608 852 1670 alterius
867 1608 1092 1670 incommodum

67 1699 98 1752 ct
112 1691 322 1753 calamitatem.
353 1691 534 1753 Desinemus
548 1691 712 1768 aliquando
726 1709 764 1753 ea
775 1691 913 1767 scrutari,
932 1703 1092 1767 quaesunt

68 1774 183 1836 inania:
206 1791 389 1851 quaeramus
403 1774 445 1835 ibi
459 1775 654 1849 maleficium,
668 1775 720 1837 ubi
733 1785 762 1836 et
779 1785 826 1838 cst
838 1784 869 1838 et
882 1774 1011 1837 inveniri
1024 1785 1090 1853 pot-

68 1866 125 1919 est.
156 1860 219 1919 lam
238 1858 405 1934 intelliges,
421 1858 526 1931 Eruci,
549 1868 662 1920 certum
681 1858 794 1921 crimen
813 1876 902 1935 quam
918 1860 1018 1920 multis
1040 1877 1090 1920 su-

21 1998 24 2003 .
68 1941 258 2016 spicionibus
273 1950 463 2018 coarguatur.
495 1942 626 2004 Tametsi
636 1959 737 2018 neque
752 1943 853 2003 omnia
864 1942 962 2003 dicam
977 1952 1007 2004 et
1017 1943 1090 2004 levi-

68 2033 115 2085 ter
133 2042 226 2086 unum
247 2027 392 2101 quodque
414 2034 543 2100 tangam.
581 2024 687 2103 Neque
708 2025 787 2086 enim
811 2025 843 2086 id
864 2028 1010 2099 lacerem,
1032 2025 1091 2087 nisi

68 2122 198 2169 necesse
213 2117 310 2182 esset,
331 2117 360 2171 et
373 2109 406 2169 id
420 2111 476 2170 erit
490 2109 567 2185 signi
581 2126 630 2170 me
644 2109 771 2171 invitum
790 2111 906 2183 lacere,
933 2111 1016 2185 quod
1029 2127 1092 2170 non

69 2207 238 2267 persequar
254 2192 389 2268 longius,
412 2209 503 2268 quam
516 2194 600 2254 salus
614 2193 705 2278 huius
726 2202 756 2255 et
777 2209 845 2254 mea
858 2194 937 2255 lldes
956 2195 1091 2269 postula-

67 2273 120 2337 bit.
150 2272 201 2338 84.
223 2275 351 2336 Causam
362 2285 394 2337 tu
405 2278 517 2337 nullam
528 2275 704 2353 reperiebas
715 2275 746 2337 in
759 2277 830 2338 Sex.
842 2277 972 2338 Roscio:
989 2286 1020 2338 at
1031 2292 1089 2351 ego

66 2356 99 2420 in
112 2359 145 2419 Τ.
160 2357 273 2419 Roscio
287 2360 418 2436 reperio.
449 2360 561 2421 Tecum
584 2360 663 2421 enim
683 2360 755 2420 milri
777 2377 828 2422 res
849 2369 912 2435 est,
932 2360 964 2419 Τ.
984 2361 1088 2433 Rosci,

68 2442 212 2518 quoniam
224 2441 292 2503 istic
307 2445 399 2505 sedes
414 2460 450 2504 ac
466 2453 495 2505 te
506 2446 607 2520 palam
620 2443 829 2505 adversarium
844 2459 916 2505 esse
925 2444 1089 2520 profiteris.

65 2527 112 2587 De
123 2525 269 2602 capitone
280 2535 352 2602 post
363 2527 536 2600 viderimus,
552 2529 587 2602 si,
603 2529 858 2604 quemadmodum
869 2537 1007 2605 paratum
1018 2544 1090 2588 esse

66 2610 168 2685 audio,
180 2608 267 2670 testis
278 2610 437 2685 prodierim
450 2620 512 2673 tum
523 2612 599 2673 alias
610 2629 734 2688 quoque
751 2629 824 2673 suas
841 2612 959 2687 palmas
976 2627 1090 2686 eogno-

67 2701 146 2766 scet,
167 2693 207 2754 de
223 2692 333 2768 quibus
350 2711 399 2755 mc
415 2710 453 2755 ne
467 2695 594 2756 audisse
615 2695 737 2771 quidem
752 2695 934 2772 suspicatur.
965 2695 998 2755 L.
1016 2694 1088 2754 Cas-

66 2775 131 2837 sius
146 2775 212 2849 ille,
229 2793 318 2852 quem
330 2780 463 2854 populus
477 2779 633 2859 Romanus
647 2780 839 2841 verissimum
854 2787 884 2840 et
899 2776 1088 2854 sapientissi-

66 2874 147 2920 mum
161 2858 293 2923 iudicem
307 2862 445 2937 putabat,
459 2860 632 2923 idemtidem
644 2862 674 2923 iu
686 2865 787 2926 causis
802 2877 950 2939 quaerere
962 2861 1088 2934 solebat,

65 2945 116 3003 cui
133 2943 206 3004 bono
221 2943 335 3016 subael.
374 2945 424 3006 Sic
449 2945 510 3006 vila
529 2945 684 3007 hominum
707 2956 769 3023 est,
795 2955 828 3008 ut
847 2947 888 3007 ad
907 2944 1087 3011 maleficium

65 3041 155 3087 nemo
168 3036 294 3088 conetur
305 3027 370 3089 sine
381 3037 538 3104 speatquc
549 3032 750 3092 emolumento
762 3031 919 3092 accedere.
934 3027 984 3091 85.
999 3030 1086 3090 Hunc

66 3107 272 3185 quaesitorem
286 3127 322 3171 ac
333 3111 463 3173 iudicem
476 3113 631 3189 fugiebant
642 3123 734 3190 atque
746 3114 910 3175 horrebant
923 3113 959 3188 ii,
975 3112 1086 3201 quibps

64 3192 233 3268 periculum
248 3195 419 3271 creabatur,
433 3197 503 3258 ideo
520 3199 618 3273 quod,
640 3197 759 3259 tametsi
773 3196 907 3261 veritatis
928 3206 993 3258 erat
1013 3194 1087 3257 ami-

65 3293 136 3351 cus,
161 3284 262 3338 nmen
290 3285 395 3340 natura
415 3298 476 3342 non
498 3290 557 3342 tam
579 3297 755 3357 propensus
781 3282 821 3342 ad
847 3279 1096 3342 misericordiam

65 3377 155 3434 quam
169 3359 342 3438 implicatus
356 3365 395 3426 ad
411 3364 610 3430 severitatem
622 3364 803 3428 uidebatur.
815 3365 895 3436 iau
904 3360 1126 3444 ,QQQW

50 3455 176 3513 praeest
191 3445 267 3508 lrulc
282 3449 524 3526 quaestionum
538 3435 1105 3580 etcontraaudue'tamgqrussxma
1116 3423 1157 3464 ⁹³
