2370 3780
346 197 806 265 le.to··-ta.t.1rc-raa.
1044 198 1087 308 dt
1181 166 1183 171 ’

66 350 219 413 stulabant
228 344 349 426 indigni
358 356 443 410 erunt
458 346 510 424 qui
523 347 738 424 impetrarent?
751 367 789 409 an
801 346 828 410 is
835 358 869 410 te
880 365 942 410 non
953 365 1086 414 commo-

64 435 166 507 vebat,
182 449 238 510 pro
254 451 315 510 quo
333 433 549 508 postulabant?
563 449 602 492 an
618 449 669 494 res
683 432 753 508 ipsa
767 433 820 494 tibi
836 433 942 510 iniqua
963 433 1086 496 videba-

63 525 138 581 'turt
167 517 362 581 Postulabant
380 515 520 577 homines
536 515 715 579 nobilissimi
729 526 821 592 atque
835 516 1017 592 integerrimi
1032 535 1085 578 no·

66 610 149 663 strae
162 599 307 673 civitatis,
331 616 411 675 quos
432 599 491 660 iam
512 608 602 661 antea
615 600 783 672 nominavi;
817 600 869 676 qui
892 601 933 663 ita
946 600 1088 663 vixerunt

64 686 204 761 talesque
223 701 242 745 a
258 683 373 760 populo
388 683 524 745 Romano
546 688 702 760 putantur,
719 692 760 745 ut
781 683 932 760 quidquid
949 684 1087 747 dicerent

63 784 153 829 nemo
167 776 252 831 esset
274 766 326 841 qui
344 782 405 827 non
419 783 551 842 aequum
564 775 690 842 putaret.
711 766 907 829 postulabant
917 777 1016 829 autem
1028 785 1085 846 pro

64 850 186 913 homine
200 849 368 911 miserrimo
385 859 477 926 atque
498 850 721 923 infelicissimo,
743 851 795 926 qui
815 852 864 912 vel
884 851 953 927 ipse
968 869 1038 914 sese
1053 852 1084 913 in

64 934 231 997 cruciatum
247 932 313 993 dari
329 943 466 1009 cuperet,
493 935 564 995 dum
585 935 624 994 de
643 935 739 1009 patris
762 944 858 996 morte
878 945 1084 1011 quaereretur.

63 1016 134 1083 120.
151 1020 214 1079 Res
229 1033 322 1092 porro
338 1018 393 1079 abs
405 1026 435 1080 te
447 1016 608 1079 eiusmodi
624 1019 843 1093 postulabatur,
857 1027 891 1080 ut
904 1018 978 1079 nihil
992 1019 1084 1081 inter·

64 1110 158 1175 esset,
174 1108 274 1162 utrum
288 1116 355 1162 eum
368 1118 432 1162 rem
452 1115 612 1162 recusares
629 1117 668 1160 an
680 1102 719 1161 de
730 1101 879 1163 maleficio
895 1103 1084 1166 confiterere.

64 1184 148 1259 Quae
163 1201 256 1259 quum
274 1184 314 1244 ila
326 1182 401 1259 sint,
417 1201 532 1261 quaero
547 1184 603 1244 abs
621 1192 650 1245 te
665 1201 756 1260 quam
770 1187 809 1246 ob
822 1201 945 1246 causam
960 1203 1083 1249 recusa·

62 1269 122 1328 ris.
147 1267 244 1342 Quum
258 1266 405 1331 occiditur
420 1268 494 1329 Sex.
511 1266 660 1341 Roscius,
681 1267 793 1329 ibidem
809 1270 938 1330 luerunt.
969 1271 1084 1332 Servos

63 1348 151 1428 ipsos
167 1351 251 1426 quod
262 1350 304 1412 ad
319 1369 368 1413 me
382 1351 496 1426 attinet,
516 1367 618 1427 neque
634 1368 728 1428 arguo
744 1369 846 1427 neque
864 1368 977 1427 purgor
999 1355 1084 1428 quod

63 1433 187 1497 avobis
202 1435 261 1496 hoc
275 1434 404 1511 pugnari
418 1434 509 1496 video
527 1453 565 1496 ne
579 1434 610 1495 in
627 1435 836 1511 quaestionem
851 1437 969 1510 dentur,
983 1436 1082 1513 suspi-

64 1516 183 1579 ciosum
197 1519 359 1594 estc-quod
372 1535 445 1580 vero
463 1519 545 1595 apud
560 1518 715 1594 vosipsos
729 1519 761 1579 in
776 1519 892 1580 honore
909 1528 992 1581 tanto
1002 1528 1084 1593 sunt,

62 1602 347 1677 prolectonecesse
361 1610 409 1664 est
425 1601 523 1664 sciant
536 1601 659 1679 aliquid,
676 1602 760 1678 quod
781 1601 808 1662 si
825 1602 964 1675 dixerint,
983 1603 1082 1678 perni-
1115 1678 1118 1685 =

63 1682 182 1746 ciosum
193 1686 282 1747 vobis
296 1687 427 1748 futurum
442 1683 489 1747 sit
499 1687 582 1746 -·-ln
597 1685 737 1748 dominos
747 1687 852 1762 quaeri
866 1687 904 1747 de
917 1685 1015 1747 servis
1027 1684 1083 1747 ini-

64 1785 156 1844 quum
166 1777 223 1831 est.
233 1803 276 1815 -
287 1770 327 1830 ht
336 1785 375 1829 ne
388 1770 460 1848 [que
471 1769 501 1829 in
513 1770 581 1847 vos]
592 1769 761 1845 quaeritur:
777 1769 848 1830 Sex.
860 1768 939 1831 enim
950 1767 1083 1831 Roscius

61 1868 134 1914 reus
144 1861 206 1913 est:
218 1868 320 1929 neque
331 1861 379 1914 est
387 1852 571 1928 iniquumde
582 1853 642 1914 hoc
654 1853 773 1928 quaeri:
786 1870 843 1914 vos
854 1854 1083 1915 enimdominos

63 1935 589 2012 essedicitis.-CumClrrysogono
598 1945 677 1997 sunt.
687 1969 722 1981 -
732 1937 777 1998 lta
790 1937 898 1996 credor
911 1935 1017 1997 litteris
1030 1953 1082 1998 eo·

18 2050 21 2055 ·
61 2034 129 2080 rum
140 2027 171 2079 ct
179 2018 348 2081 urbanitate
358 2019 576 2096 Chrysogonus
589 2020 717 2092 ducitur,
731 2018 848 2081 utinter
859 2035 935 2081 suos
949 2019 1083 2081 omnium

62 2100 1083 2186 deliciarumatqueomniumartiumpuerulosextetelegantissimis

62 2183 182 2246 lamilils
193 2185 290 2247 lectos
299 2185 373 2249 velit
386 2187 443 2249 hos
459 2186 583 2258 versari,
598 2187 738 2248 hominos
750 2202 848 2261 paene
860 2187 1027 2261 operarios,
1041 2202 1082 2247 ex

61 2267 205 2329 Amerina
220 2267 382 2346 disciplina
401 2270 496 2346 patris
518 2269 648 2331 familiae
662 2268 817 2332 rusticani.
860 2267 931 2331 121.
951 2270 1017 2331 Non
1033 2279 1081 2335 cst

33 2376 35 2379 ·
63 2351 104 2412 ita
128 2353 284 2426 prolecto,
304 2352 437 2415 iudices:
469 2370 529 2414 non
553 2361 601 2414 est
619 2352 685 2413 veri
705 2351 802 2414 simile
815 2360 848 2414 ut
862 2353 1082 2430 Chrysogonus

62 2435 169 2496 horum
183 2435 299 2497 litteras
310 2434 461 2499 adamarit
472 2446 524 2497 aut
538 2436 762 2511 humanitatem,
778 2453 839 2497 non
854 2444 888 2497 ut
896 2435 941 2496 rei
956 2437 1081 2498 familia-

62 2517 104 2579 ris
122 2518 251 2593 negocio
272 2517 456 2596 diligentiam
473 2519 612 2596 cognorit
625 2537 731 2581 eorum
746 2527 777 2581 et
790 2520 892 2580 tidem.
924 2520 980 2587 Est
993 2520 1081 2597 quid-

62 2603 141 2674 dam,
156 2602 240 2678 quod
255 2604 436 2678 occultatur,
465 2604 550 2680 quod
570 2621 632 2679 quo
647 2602 816 2667 studiosius
830 2604 869 2664 ab
885 2602 963 2680 ipsis
978 2603 1081 2679 oppri-

60 2685 150 2746 mitur
170 2693 200 2747 et
221 2686 433 2762 absconditur,
457 2703 495 2749 eo
515 2687 612 2763 magis
632 2686 743 2753 eminet
763 2696 793 2749 et
815 2695 952 2762 apparet.
992 2686 1080 2747 XLII.

62 2766 140 2852 122..
166 2767 242 2843 Quid
262 2767 371 2843 igiturt
399 2771 616 2848 Chrysogonus
636 2770 723 2832 suine
749 2769 888 2831 rnaletieii
909 2767 1082 2832 occultandi

61 2869 155 2913 causa
170 2852 380 2929 quaestionem
394 2855 433 2915 de
449 2855 498 2916 his
512 2855 616 2915 haberi
630 2872 692 2917 non
704 2855 789 2916 vultt
802 2854 935 2928 Minime,
947 2852 1080 2918 iudices:

59 2953 122 2996 non
136 2935 165 2996 in
178 2952 284 2996 omnes
296 2936 424 3000 arbitror
438 2939 539 2999 omnia
550 2938 722 2999 convenire.
747 2937 813 3013 ugo
828 2939 857 3001 in
869 2937 1080 3019 Chrysogono,

61 3020 145 3096 quod
168 3019 275 3080 adme
295 3018 415 3093 attinet,
436 3020 509 3081 nihil
531 3021 693 3083 eiusmodi
709 3020 865 3096 suspicor:
899 3037 1000 3095 noque
1020 3020 1080 3082 hoc

59 3101 132 3163 mihi
148 3118 228 3163 nunc
242 3103 371 3180 primum
391 3103 422 3165 in
439 3113 569 3167 mentem
585 3106 667 3166 venit
683 3105 794 3166 dicere.
827 3103 1008 3164 Meministis
1030 3120 1079 3164 me

59 3187 101 3248 ita
117 3184 308 3249 distribuisse
323 3186 407 3250 initio
419 3204 552 3262 causam,
566 3188 597 3249 in
608 3189 731 3263 crimen,
745 3188 832 3249 cuius
846 3196 909 3251 tota
920 3204 1079 3265 argumen-

59 3271 131 3333 tatio
145 3271 297 3347 permissa
312 3270 422 3334 Erucio
439 3280 495 3344 est,
511 3281 541 3334 et
556 3270 588 3333 in
602 3272 769 3342 audaciam,
795 3273 883 3332 cuius
898 3279 1005 3344 partes
1017 3273 1081 3352 lau

60 3352 132 3414 sciis
153 3354 315 3431 impositae
336 3363 415 3421 sunt.
459 3354 620 3437 Quidquid
638 3353 807 3428 malehc'it,
821 3350 980 3416 austeris,
998 3344 1114 3424 essexa»

48 3433 111 3507 erit,
122 3437 284 3513 proprium
302 3439 335 3505 id
349 3441 546 3511 Rosciorum
561 3461 641 3510 esse
659 3441 807 3508 debebit.
837 3429 991 3495 burim
998 3420 1147 3489 {mm
