2370 3780
102 188 143 252 ao
256 184 261 192 ’
364 184 438 248 nno
458 185 490 245 r.
513 182 688 261 cunone
704 183 856 246 canno.

102 341 234 401 decursa
248 344 299 401 aut
319 336 391 399 Sex.
407 335 555 398 Naevium
573 334 682 399 diebus
697 335 902 412 compluribus
916 343 986 397 ante
1005 334 1036 398 in
1050 353 1126 414 pos·

103 422 275 485 sessionem
290 420 427 495 misisse,
449 438 540 496 quam
555 422 724 495 postularet
736 421 779 481 uti
794 421 822 480 ei
837 419 940 481 liceret
955 420 1038 481 bona
1051 438 1125 496 pos-

103 506 213 569 sidere.
256 503 306 566 89.
327 503 437 565 Postea
450 503 575 564 recitavi
591 504 735 576 edictum,
752 504 835 579 quod
849 513 953 579 aperte
969 503 1126 565 dominnm

103 591 142 651 de
169 586 295 665 praedio
320 587 438 648 detrudi
463 595 590 648 vetaret=
616 585 646 646 in
675 604 736 661 quo
761 586 894 649 constitit
913 587 1059 648 Naevium
1084 604 1126 649 ex

103 674 203 735 edicto
219 688 279 731 non
296 671 489 747 possedisse,
511 686 603 746 quum
618 672 811 731 confiteretur
828 686 867 731 ex
881 671 1005 746 praedio
1024 671 1054 731 vi
1071 672 1125 733 de·
1167 688 1171 705 ·

103 766 219 820 trusum
232 772 304 815 esse
322 753 499 828 Quinctium.
530 751 657 813 Omnino
677 761 776 814 autern
795 754 876 814 bona
890 752 1040 830 possessa
1063 771 1126 815 non

19 898 27 911 ,
102 857 175 901 esse
199 838 355 909 constitui,
378 838 463 913 quod
481 836 631 898 bonorum
654 838 813 911 possessio
836 846 990 912 spectetur
1009 854 1070 898 non
1093 837 1125 898 in

103 923 206 999 aliqua
220 930 319 998 purte,
336 922 392 981 sed
409 920 438 980 iu
453 920 621 994 universiS,
639 936 717 995 quae
732 919 826 980 teneri
841 930 871 981 ct
885 922 1036 996 possideri
1052 939 1125 997 pos-

103 1006 173 1068 sint.
203 1004 273 1066 Dixi
290 1004 412 1065 domum
426 1006 541 1066 Romae
559 1003 668 1076 luisse,
692 1019 753 1079 quo
777 1003 834 1064 iste
849 1021 887 1063 ne
903 1005 1044 1081 aspirarit
1058 1004 1125 1080 qui·

103 1090 190 1163 dein,
205 1104 313 1149 servos
331 1090 518 1163 complures,
534 1087 696 1163 exquibus
712 1086 768 1148 iste
781 1088 954 1163 possederit
964 1088 1125 1161 neminem,

104 1190 143 1233 ne
163 1170 294 1247 attigerit
318 1170 454 1247 quidem:
486 1188 577 1231 unum
597 1171 692 1231 luisse
716 1188 806 1246 quem
827 1170 973 1246 attingere
997 1182 1124 1233 conatus

106 1256 159 1317 sia
184 1254 365 1331 prohibitum
386 1255 498 1316 luisset
523 1253 688 1330 quievisse.
731 1254 782 1315 90.
808 1256 841 1313 ln
865 1255 933 1329 ipsa
957 1255 1053 1316 Gallia
1072 1272 1124 1316 co-

103 1338 222 1417 gnostis
243 1338 271 1400 in
296 1339 420 1415 praedia
441 1338 557 1414 private
578 1337 707 1411 Quinctii
727 1337 798 1398 Sex.
819 1339 964 1399 Naevium
987 1356 1049 1400 non
1071 1356 1122 1399 ve-

104 1422 203 1484 nisse=
232 1422 364 1498 denique
379 1440 419 1484 ex
438 1423 497 1482 hoc
517 1421 587 1496 ipso
605 1423 699 1493 saltn,
727 1438 817 1497 quem
837 1438 892 1497 per
911 1421 971 1480 vim
991 1424 1123 1498 expulso

104 1508 190 1568 socio
211 1506 365 1593 possedit,
390 1522 498 1567 servos
519 1504 653 1580 privatos
669 1505 797 1578 Quinctii
814 1523 920 1566 ornnes
934 1505 1048 1567 eiectos
1063 1524 1124 1567 non

105 1608 186 1652 esse.
220 1591 268 1650 Ex
288 1606 348 1666 quo
364 1597 447 1652 etex
463 1587 590 1648 caeteris
608 1588 710 1660 dictis,
732 1589 820 1650 lactis
836 1589 1036 1664 cogitatisque
1052 1590 1124 1651 Sex.

103 1673 208 1734 Naevii
223 1673 324 1749 quiris
339 1682 441 1749 potest
461 1671 641 1746 intelligere,
665 1671 754 1732 istum
769 1673 840 1733 nibil
855 1673 938 1733 aliud
954 1673 1055 1748 egisse
1072 1690 1124 1733 ne-

48 1833 52 1839 ,
105 1773 166 1833 que
187 1772 267 1818 nunc
284 1772 376 1830 agere
395 1754 454 1816 nisi
470 1755 512 1814 uti
531 1755 675 1830 pervim,
698 1755 923 1831 periniurium,
945 1773 1001 1831 per
1015 1756 1124 1832 iniqui-

104 1850 196 1903 tutem
210 1838 313 1901 iudicii
325 1848 421 1901 totum
434 1854 555 1915 agrum,
578 1838 630 1913 qui
645 1840 812 1901 communis
832 1848 894 1914 est,
917 1857 1005 1901 suum
1024 1842 1124 1902 lacere

104 1923 212 2000 possit.

186 2006 277 2067 XXX.
298 2005 349 2069 el.
379 2007 464 2068 Nunc
493 2021 587 2066 causa
611 2015 753 2081 perorata
774 2024 826 2068 res
851 2005 920 2083 ipsa
945 2016 975 2068 et
998 2004 1124 2082 periculi

104 2088 295 2166 magnitudo,
318 2091 350 2151 C.
367 2089 486 2166 Aquili,
506 2105 616 2164 cogere
631 2089 762 2166 videtur,
782 2099 815 2151 ut
828 2099 857 2151 te
871 2099 963 2165 atque
980 2107 1051 2165 eos,
1072 2089 1124 2166 qui

103 2173 157 2237 tibi
171 2174 202 2234 in
214 2172 342 2235 consilio
359 2181 444 2245 sunt,
461 2174 603 2234 obsecret
614 2173 839 2249 obtesteturque
853 2174 884 2234 P.
901 2175 1057 2247 Quinctius
1068 2189 1124 2250 per

104 2265 292 2320 senectutem
311 2273 348 2317 ac
369 2256 561 2318 solitudinem
582 2272 668 2316 suam
688 2257 761 2317 nihil
781 2257 864 2319 aliud
882 2258 941 2317 nisi
956 2266 989 2318 ut
1002 2267 1123 2318 restrae

41 2348 46 2359 '
103 2349 229 2403 naturae
250 2340 437 2416 bonitatique
453 2340 678 2414 obsequamini=
700 2350 734 2401 ut
747 2358 839 2415 quum
853 2341 964 2402 rerims
982 2358 1050 2402 cum
1064 2342 1122 2400 boc

103 2424 208 2498 iaciat,
220 2424 291 2498 ptus
304 2423 394 2485 buius
405 2423 509 2499 inopia
522 2425 621 2497 possit
638 2425 677 2484 ad
691 2425 927 2486 misericordiam
942 2442 1033 2500 quarn
1043 2424 1123 2484 illius

103 2524 183 2585 opes
196 2506 236 2567 ad
250 2508 466 2568 crudelitatem.
508 2506 559 2568 92.
582 2507 647 2581 Quo
664 2507 713 2569 die
729 2509 769 2568 ad
783 2516 813 2568 te
827 2507 957 2569 iudicem
974 2509 1122 2577 venimus,

104 2593 214 2656 eodem
229 2590 278 2651 die
292 2590 411 2652 illorum
428 2589 541 2662 minas,
557 2608 634 2665 quas
651 2601 721 2653 ante
735 2591 948 2664 horrebamus,
969 2592 1122 2667 negligere

104 2675 272 2751 coepimus.
308 2674 342 2734 Si
361 2690 541 2751 causacum
565 2690 659 2735 causa
679 2676 890 2748 contenderet,
911 2693 968 2736 nos
990 2683 1123 2736 nostram

103 2759 248 2834 perfacile
271 2756 369 2819 cuivis
390 2758 572 2833 probaturos
590 2759 805 2818 statuebamus.
843 2759 929 2831 Quod
949 2758 1027 2818 vitae
1046 2759 1122 2818 ratio

104 2858 174 2902 cum
194 2841 311 2902 ratione
333 2840 413 2902 ritae
432 2840 624 2914 decerneret,
645 2840 759 2902 idcirco
774 2840 862 2902 nobis
876 2842 965 2902 etiam
979 2852 1008 2902 te
1023 2840 1123 2900 iudice

104 2925 201 2999 magis
215 2942 295 3001 opus
319 2940 391 2985 esse
405 2923 538 2984 arbitrati
552 2941 668 2984 sunaus.
695 2925 741 2984 Ea
759 2941 810 2984 res
825 2925 905 2984 eninr
920 2924 1044 2989 nuncin
1061 2924 1122 2984 dis·

103 3008 228 3068 crimine
245 3016 398 3081 versatur,
426 3017 522 3067 utrum
544 3008 682 3082 possitne
695 3024 731 3068 se
746 3017 851 3069 conus
864 3010 1014 3070 luxuriem
1032 3025 1070 3068 ac
1088 3007 1122 3066 li-

103 3092 233 3151 centiam
254 3092 408 3152 rusticana
427 3092 478 3151 illa
496 3099 589 3166 atque
610 3091 721 3153 inculta
743 3091 929 3166 parcimonia
949 3092 1121 3159 defendere,

102 3191 142 3235 an
159 3174 327 3235 deformata
340 3184 433 3251 atque
450 3175 633 3235 ornamentis
648 3175 787 3237 omnibus
805 3178 950 3251 spoliata,
970 3177 1052 3236 nuda
1071 3190 1122 3233 cu·

103 3256 221 3332 piditati
235 3259 481 3333 petulantiaeque
497 3258 664 3318 addicatur.
706 3259 750 3297 **
769 3257 819 3318 93.
840 3260 907 3320 b'on
923 3267 1077 3333 comparat
1088 3273 1122 3316 se

90 3341 311 3411 recurrrgmtia
332 3341 361 3399 P.
389 3340 565 3414 Quinctius,
590 3340 664 3402 Sex.
683 3340 795 3403 Naevi.
821 3360 882 3403 non
904 3343 1031 3417 opibus,
1060 3356 1122 3400 non

66 3409 221 3474 &colato
233 3424 407 3487 contendit
440 3424 561 3490 Omnes
574 3436 648 3490 tuas
658 3435 759 3500 artes,
775 3426 936 3504 qulbustu
943 3440 1077 3496 magnus
1087 3438 1136 3489 es,
