2370 3780
107 205 149 268 46
265 206 338 269 PRO
357 206 440 268 SEX.
461 205 598 268 Roscio
619 206 792 267 AMERINO
815 205 966 268 ORATIO.

107 357 227 418 duobus
248 357 497 419 adolescentibus
514 358 584 419 liliis
601 356 690 431 isset,
711 357 863 419 inuentum
880 375 951 418 esse
971 375 1059 418 mane
1074 359 1122 420 iu·

107 442 249 516 gulatum.
286 443 383 515 Quum
403 458 503 517 neque
524 459 632 503 servus
647 445 808 517 quisquam
823 442 1005 516 reperiretur
1023 459 1123 518 neque

106 526 181 585 liber
195 526 234 584 ad
257 543 347 599 quem
363 543 400 585 ea
421 525 556 600 suspicio
577 525 754 600 pertineret,
778 527 809 586 id
824 525 929 586 aetatis
944 535 1042 585 autem
1062 528 1122 587 duo

106 607 160 668 lilii
180 616 303 683 propter
325 610 470 669 cubantes
491 625 529 668 ne
551 607 687 668 sensisse
708 611 829 684 quidem
848 626 883 669 se
897 608 1048 684 dicerent,
1069 627 1122 670 no·

105 690 187 750 mina
206 691 337 752 liliorum
358 693 398 752 de
419 689 579 767 parricidio
601 692 700 752 delata
715 701 794 753 suut.
827 692 904 767 Quid
925 699 1044 767 poterat
1063 701 1124 753 tam

106 790 177 835 esse
192 776 418 850 suspiciosum?
440 775 623 835 Neutrumne
635 775 792 836 sensisset
811 780 928 836 Ausum
941 783 1041 836 autem
1053 791 1124 836 esse

107 866 303 933 qtemquam
327 875 361 919 se
381 858 411 917 in
432 858 464 917 id
485 860 629 919 conclave
651 859 850 932 committere,
875 876 912 920 eo
932 858 1123 940 potissimum

104 951 257 1017 tempore,
280 958 374 1016 quum
392 940 502 1002 ibidem
517 950 620 1003 essent
635 942 694 1002 duo
710 942 921 1003 adolescentes
937 941 1006 1016 lilii,
1027 941 1123 1017 quiet

106 1024 218 1085 sentire
239 1032 269 1085 et
291 1025 454 1086 defendere
474 1025 561 1086 facile
575 1032 726 1101 possent?
757 1024 807 1089 66.
829 1026 901 1086 Erat
919 1042 1014 1101 porro
1032 1040 1123 1086 nemo

105 1108 134 1167 in
154 1123 244 1182 quem
264 1124 301 1168 ea
322 1108 456 1184 suspicio
474 1109 657 1170 conveniret.
686 1109 796 1169 Tamen
820 1127 912 1184 quum
933 1112 1057 1185 planum
1077 1109 1121 1169 iu-

105 1190 223 1250 dicibus
244 1201 326 1252 esset
345 1194 455 1253 lactum
476 1186 581 1268 aperto
602 1192 680 1254 ostio
705 1192 886 1253 dormientes
908 1209 962 1259 eos
982 1200 1121 1267 repertos

104 1290 190 1349 esse,
213 1272 324 1335 iudicio
345 1276 475 1337 absoluti
494 1278 704 1337 adolescentes
719 1285 749 1338 et
762 1275 937 1351 suspicione
953 1275 1034 1336 omni
1049 1276 1121 1335 libe·

102 1357 159 1418 rati
180 1367 257 1419 sunt.
290 1360 384 1421 Nemo
405 1359 484 1419 enim
497 1360 622 1436 putabat
645 1376 825 1435 quemquam
847 1376 917 1419 esse
939 1358 1007 1434 qui,
1029 1374 1122 1435 quum
1147 1426 1150 1436 y

105 1440 204 1502 omnia
229 1441 332 1502 divina
351 1451 443 1518 atque
464 1444 594 1504 humana
609 1442 674 1502 iura
689 1445 805 1504 scelere
822 1442 936 1502 nelarie
952 1441 1120 1518 polluisset,

103 1543 241 1588 somnum
263 1527 360 1586 statim
381 1543 492 1600 capere
507 1526 671 1601 potuisset,
695 1536 855 1602 propterea
871 1526 969 1600 quod,
990 1525 1043 1600 qui
1057 1534 1120 1587 tan·

101 1619 165 1670 tum
185 1609 304 1670 lacinus
324 1610 552 1681 commiserunt,
575 1626 635 1669 uon
655 1611 746 1672 modo
768 1610 834 1672 sine
856 1626 929 1670 cura
953 1609 1120 1684 quiescere,

103 1693 158 1753 sed
173 1710 211 1752 ne
227 1695 342 1767 spirare
357 1688 518 1768 quidem
494 1709 559 1753 sine
572 1700 653 1753 metu
667 1702 806 1768 possunt.

82 1785 139 1863 st
184 1776 291 1837 XXIV.
312 1777 361 1838 66.
387 1775 548 1837 Videtisne
577 1793 655 1852 quos
682 1777 770 1838 nobis
797 1778 945 1853 po'e'taet
933 1772 1120 1835 tradiderunt

102 1858 195 1934 patris
228 1858 395 1920 ulciscendi
427 1875 520 1920 causa
550 1859 731 1935 supplicium
757 1862 796 1920 de
819 1867 913 1919 matre
939 1857 1127 1933 sumpsisse,-

102 1961 195 2018 quum
212 1945 388 2018 praesertim
410 1943 535 2005 deorum
551 1943 781 2004 immortalium
773 1942 865 2004 russis
881 1949 973 2016 atque
988 1941 1119 2002 oraculis

101 2028 133 2086 id
147 2026 259 2088 iecisse
275 2026 427 2101 dicantur,
449 2035 549 2088 tamen
567 2034 601 2087 ul
616 2043 670 2087 eos
685 2028 798 2103 agitent
819 2024 914 2086 iuriae
930 2041 1032 2099 neque
1047 2042 1117 2086 con·

101 2111 209 2171 sistere
229 2128 358 2186 usquam
380 2110 543 2186 patiantur,
565 2111 648 2185 quod
667 2129 706 2172 ne
726 2111 768 2187 pii
786 2109 907 2185 quidem
922 2110 987 2169 sine
1002 2111 1118 2169 scelere

100 2210 171 2253 esse
192 2201 374 2269 pomerania
407 2193 457 2255 Sic
477 2210 511 2254 se
535 2210 585 2254 res
608 2194 710 2266 habet,
733 2194 859 2255 iudices.
894 2194 1033 2266 Magnam
1047 2191 1117 2264 uim,

99 2294 238 2352 magnam
257 2278 482 2349 necessitatem,
506 2294 643 2352 magnam
663 2278 803 2354 possidet
822 2275 998 2350 religionem
1019 2285 1116 2351 pater-

99 2377 157 2421 nus
180 2370 393 2436 maternusque
417 2362 554 2436 sanguis:
577 2377 615 2421 ex
637 2378 698 2436 quo
718 2362 745 2422 si
760 2377 820 2437 qua
833 2361 951 2419 macula
971 2368 1118 2434 concepta

100 2452 162 2518 est,
185 2461 245 2505 non
266 2447 357 2506 modo
379 2445 439 2505 elui
459 2462 520 2504 non
536 2453 650 2519 potest,
673 2462 777 2505 verum
793 2459 893 2518 usque
907 2459 945 2504 eo
961 2448 1117 2519 permanat

99 2529 138 2587 ad
159 2528 308 2600 animum,
329 2537 361 2588 ut
381 2544 516 2589 summus
536 2527 618 2597 luror
641 2537 731 2603 atque
751 2526 881 2588 amentia
901 2534 1114 2601 consequatur.

98 2609 149 2672 67.
170 2610 267 2671 Nolite
281 2612 359 2671 enim
373 2620 495 2687 putare,
515 2613 767 2686 quemadmodum
782 2611 812 2669 in
827 2610 936 2670 labulis
953 2626 1047 2685 saepe
1061 2626 1114 2670 nu-

98 2711 180 2756 mero
195 2694 319 2767 videtls,
342 2711 412 2767 eos,
433 2694 484 2769 qui
504 2694 618 2768 aliquid
631 2695 721 2771 impie
736 2696 942 2767 scelerateque
957 2692 1114 2753 commise-

60 2808 62 2817 .
97 2777 170 2853 rint,
191 2777 296 2854 agitari
317 2786 347 2839 et
367 2777 527 2854 perterreri
539 2778 692 2838 Furiarum
714 2776 811 2838 taedis
835 2776 1021 2838 ardentibus.
1052 2776 1114 2836 Sua

99 2876 249 2938 quemque
270 2857 352 2922 lraus
374 2870 404 2922 et
422 2877 495 2921 suus
516 2868 613 2922 terror
628 2861 757 2922 maxime
776 2869 881 2920 vexat:
907 2877 994 2919 suum
1010 2875 1113 2934 quem·

98 2959 158 3017 que
171 2948 272 3006 scelus
285 2945 377 3021 agitat
388 2943 578 3020 amentiaque
589 2945 704 3006 adlicit=
721 2958 794 3004 suae
807 2946 903 3004 malae
914 2941 1112 3018 cogitationes

98 3028 363 3105 conscientiaeque
388 3027 478 3088 animi
503 3037 623 3089 terrent.
665 3029 730 3088 Hae
756 3035 826 3087 sunt
845 3026 944 3102 impiis
966 3026 1113 3086 adsiduae

98 3110 344 3189 domesticaeque
356 3111 478 3184 Furiae,
501 3129 579 3188 quae
600 3111 665 3172 dies
686 3117 854 3185 noctesque
868 3118 1025 3186 parentum
1040 3125 1112 3184 pue·

97 3209 153 3253 nas
167 3210 186 3253 a
199 3195 498 3268 consceleratissimis
513 3195 583 3256 filiis
596 3202 741 3272 repetant.
770 3193 819 3256 68.
841 3196 923 3254 Haec
939 3192 1112 3268 magnitudo

97 3277 237 3336 maleficii
260 3280 397 3352 lacit‚t
364 3289 412 3352 ut,
435 3278 494 3339 nisi
514 3297 611 3376 paene
628 3277 819 3338 manifestum
833 3277 1028 3354 parricidium
1043 3293 1112 3372 pro·

58 3357 210 3480 wseratur
228 3326 376 3424 credibile
389 3381 451 3425 uon
466 3362 520 3437 sit;
536 3361 596 3426 nisi
606 3360 934 3462 turpisadolescentia
947 3359 1110 3421 nisiomni-

58 3428 125 3491 bus
134 3435 269 3514 flagitiis
286 3444 550 3531 attemperata,
572 3447 638 3514 nisi
654 3453 761 3526 sumpt
758 3462 800 3510 us
747 3445 910 3511 tedusi
926 3458 999 3502 cum
1009 3443 1124 3516 probro
