2370 3780
249 162 257 174 ’
360 198 586 260 cuano—aa.
607 203 781 264 §.ca-ro
1041 199 1082 262 19

55 364 118 415 tem
137 347 345 420 inimicissime
364 358 457 425 atque
477 347 674 409 infestissime
695 348 879 410 contendere
894 363 1080 424 perseveret,

56 453 92 503 se
105 444 240 512 paratum
258 451 329 496 esse
348 433 429 495 omni
443 441 525 493 recta
539 440 630 507 atque
644 432 774 492 honesta
783 432 900 493 ratione
914 434 1081 495 delendere

57 520 141 595 quod
160 527 243 594 petat
264 535 325 579 non
351 515 469 577 deberi:
497 532 532 576 se
554 514 699 576 iudicium
719 515 765 592 id,
790 517 873 591 quod
893 517 977 590 edat,
1001 518 1090 585 acci-¹

56 619 139 678 pere.
179 600 231 665 67.
256 601 330 660 Eius
349 599 394 660 rei
414 599 666 674 condicionisque
693 600 821 660 tabellas
843 598 1081 674 obsignaverunt

55 687 112 746 viri
127 685 200 746 boni
218 685 401 758 complures.
437 684 499 744 Res
513 683 545 742 in
558 683 683 743 dubium
696 681 802 743 venire
817 699 879 744 non
896 692 1007 758 potest.
1035 684 1082 746 Fit

55 771 147 830 rebus
170 767 311 830 omnibus
331 766 455 840 integris
478 782 578 842 neque
598 767 779 841 proscriptis
801 783 902 841 neque
922 769 1081 842 possessis

55 853 160 925 bonis,
172 860 205 912 ut
218 852 346 911 Alfenus
360 849 514 926 promittat
526 849 640 910 Naevio
656 850 723 910 sisti
738 850 917 923 Quinctium.
934 851 1027 912 Venit
1041 854 1081 910 ad

55 935 262 996 vadimonium
284 932 448 1008 Quinctius.
487 935 569 995 lacet
588 949 638 993 res
658 932 689 994 in
711 934 927 996 controversiis
949 933 1009 996 isto
1031 952 1079 994 ca-

56 1019 221 1080 lumniante
233 1016 400 1091 biennium,
415 1034 514 1093 usque
529 1017 601 1077 dum
612 1017 811 1091 inveniretur,
828 1034 889 1094 qua
898 1017 1016 1079 ratione
1029 1036 1081 1079 res

56 1104 96 1165 ab
114 1103 224 1162 usitata
243 1102 465 1163 consuetudine
487 1101 645 1161 recederet
665 1098 694 1160 e't
715 1100 745 1161 in
759 1102 818 1162 hoc
834 1102 987 1178 singulare
1002 1102 1079 1163 iudi-

56 1187 137 1247 cium
157 1201 251 1245 causa
272 1183 369 1246 omnis
393 1185 636 1251 concluderetur.
677 1184 740 1246 68..
759 1184 847 1258 Quod
873 1185 1023 1257 elicium,
1049 1187 1080 1245 C.

54 1266 175 1343 Aquili,
200 1269 428 1329 commemorari
456 1266 663 1342 procuratoris
683 1276 786 1344 potest
807 1270 890 1344 quod
910 1270 948 1328 ab
969 1271 1080 1330 Alieno

20 1415 22 1419 ,
56 1351 251 1428 praeteritum
275 1369 346 1413 esse
372 1351 530 1412 videatur?
563 1350 641 1424 Quid
664 1353 799 1412 adfertur
827 1369 921 1427 quare
939 1353 970 1412 P.
989 1353 1080 1427 Quin-

56 1435 136 1497 ctius
151 1444 278 1511 negetur
290 1436 404 1497 absens
416 1451 488 1495 esse
502 1436 671 1497 defensust
689 1438 738 1495 An
753 1437 886 1509 veroid,
907 1437 990 1510 quod
1004 1438 1080 1496 Hor-

56 1517 201 1593 tensium,
224 1519 296 1595 quia
319 1535 416 1594 nuper
436 1517 539 1580 iniecit
558 1526 588 1579 et
602 1520 674 1594 quia
687 1519 819 1578 Naevius
834 1535 956 1593 semper
970 1519 1001 1579 id
1021 1520 1079 1578 cla-

56 1601 153 1683 mitat,
177 1601 327 1665 dicturum
343 1601 485 1675 arbitror,
508 1619 569 1662 non
584 1602 680 1663 luisse
695 1602 809 1663 Naevio
823 1619 927 1676 parem
941 1602 1080 1662 certatio-

54 1702 125 1746 nem
144 1700 212 1747 eum
228 1687 337 1746 Alieno
352 1686 412 1747 illo·
424 1694 575 1760 tempore,
598 1685 657 1746 illis
675 1684 921 1747 dominantibus?
949 1683 1036 1759 Quod
1054 1683 1081 1743 si

55 1770 146 1830 velim
161 1769 313 1842 confiteri,
328 1769 420 1843 illud,
439 1770 564 1844 opinor,
580 1771 763 1842 concedent,
778 1786 840 1831 non
854 1778 1081 1844 procuratorem

55 1853 86 1912 P.
102 1852 230 1926 Quinctii
247 1853 399 1913 neminem
418 1853 530 1926 fuisse,
546 1853 602 1913 sed
622 1854 787 1926 gratiosum
802 1852 909 1914 luisse.
936 1852 1010 1912 Mihi
1027 1869 1080 1911 au-

57 1947 117 1998 tem
137 1939 177 1997 ad
195 1937 381 1998 vincendum
401 1936 476 1997 satis
499 1945 547 1997 est
566 1937 663 1996 luisse
684 1944 924 2011 procuratorem,
956 1936 1080 2010 quicum

57 2021 188 2095 experiri
208 2028 325 2095 posset.
369 2018 471 2093 Qualis
488 2019 515 2080 is
531 2019 633 2093 luerit,
655 2019 682 2080 si
697 2021 788 2080 modo
804 2021 960 2081 absentem
975 2020 1080 2079 delen-

57 2105 148 2164 debat
164 2121 219 2179 per
233 2105 280 2164 ius
295 2113 325 2164 et
339 2120 395 2178 per
408 2104 630 2178 magistratum,
644 2103 718 2164 nihil
735 2105 852 2164 adrem
868 2103 997 2164 arbitror
1012 2119 1080 2178 per-

55 2187 162 2248 tinere.
188 2186 239 2248 69.
255 2188 328 2247 Erat
342 2186 436 2258 enim,
456 2186 565 2262 inquit,
580 2187 696 2247 illarum
713 2189 850 2262 partium.
878 2186 1011 2261 Quidni?
1028 2187 1080 2261 qui

56 2271 141 2346 ,apud
157 2278 187 2331 te
203 2279 287 2331 esset
300 2271 463 2331 educatus:
480 2286 570 2345 quern
584 2278 616 2330 tu
631 2289 649 2332 a
663 2288 758 2346 puero
775 2271 818 2331 sic
833 2270 1033 2343 instituisseS,
1047 2278 1080 2330 ut
1145 2281 1151 2293 '

58 2352 215 2415 nobili'ne
241 2353 401 2429 gladiatori
429 2354 551 2428 quidem
578 2355 705 2414 faveret:
738 2355 873 2430 siquod
902 2364 934 2414 tu
959 2370 1080 2428 semper

58 2453 176 2499 summe
190 2438 375 2513 concupisti,
395 2437 476 2498 idem
489 2438 612 2498 volebat
629 2439 771 2510 AlienuS,
790 2455 828 2498 ea
844 2455 877 2498 re
893 2437 947 2498 tibi
959 2454 1028 2497 curn
1041 2452 1079 2496 eo

57 2538 114 2596 par
128 2521 278 2581 contentio
294 2539 352 2582 non
369 2529 454 2581 eratt
476 2520 574 2594 Bruti,
589 2520 700 2597 inquit,
716 2530 780 2582 erat
794 2521 962 2581 familiaris:
977 2522 1079 2595 itaque

57 2606 84 2664 is
102 2603 317 2673 intercedebat.
353 2605 397 2666 Tu
415 2613 520 2666 contra
533 2605 685 2677 Burrieni,
710 2605 762 2679 qui
781 2605 919 2666 iniuriam
934 2604 1078 2664 decerne-

57 2689 123 2762 bat,
145 2689 277 2748 omnium
298 2688 431 2763 denique
453 2689 588 2761 illorum,
609 2689 660 2761 qui
674 2697 737 2749 tum
751 2696 782 2749 et
795 2696 935 2765 poterant
949 2687 1078 2762 pervim

57 2781 88 2833 et
99 2773 202 2832 scelus
215 2771 375 2846 plurimum
388 2780 425 2845 et,
439 2773 522 2848 quod
534 2778 680 2847 poterant,
695 2773 725 2832 id
736 2773 896 2833 audebant.
911 2773 959 2830 An
972 2786 1078 2831 ornnes

58 2866 90 2916 tu
105 2854 182 2916 istos
199 2855 321 2915 vincere
339 2856 482 2927 volebas,
505 2855 557 2930 qui
576 2873 655 2916 nunc
669 2864 702 2917 tu
717 2864 750 2916 ut
765 2855 869 2916 vincas
886 2863 968 2915 tanto
984 2869 1079 2930 opere

57 2938 218 2998 laboranti
246 2939 335 2999 Aude
356 2939 388 2999 id
407 2939 524 3010 dicere,
544 2956 604 2999 non
622 2942 739 3015 palam,
760 2941 815 3000 sed
829 2941 867 3000 iis
884 2937 976 3012 ipsis,
998 2954 1078 3013 quos

57 3021 227 3083 advocasti.
253 3019 302 3084 tu.
317 3022 449 3083 Tametsi
464 3023 534 3083 nolo
551 3040 616 3083 eam
631 3040 695 3083 rem
709 3022 974 3084 commemorando
988 3037 1077 3082 reno-

38 3121 146 3183 ·vare,
172 3104 259 3166 cuius
284 3106 405 3168 omnino
427 3105 472 3166 rei
486 3107 660 3166 memoriam
680 3123 799 3167 omnem
813 3105 877 3167 tolli
892 3106 1026 3166 lunditus
1041 3119 1078 3162 ac

27 3180 36 3203 ¹
58 3187 153 3249 deleri
167 3188 297 3249 arbitror
311 3198 462 3265 oportere.
493 3191 583 3249 XXll.
602 3191 701 3250 Unum
716 3189 790 3248 illud
805 3189 889 3249 dico:
913 3189 939 3249 si
953 3196 1078 3263 propter

56 3272 188 3348 partium
200 3272 333 3334 studium
344 3282 453 3348 potens
467 3282 531 3334 erat
541 3274 683 3346 Alienus,
696 3270 1091 3348 potentiss'nnusnaexima==

58 3356 86 3416 si
107 3359 201 3417 fretus
215 3355 312 3431 gratia
330 3358 509 3432 postulabat
527 3357 651 3438 aliquid
665 3355 814 3434 intumus
837 3354 992 3413 atienae,
1012 3340 1120 3394 mmm

45 3437 199 3514 iniquiora
217 3441 358 3544 Naevius
381 3442 587 3524 impetrabat.
625 3446 748 3523 nonna
774 3439 867 3502 cmm
887 3433 980 3572 {mea
998 3410 1157 3474 sannam
