2370 3780
315 223 316 226 κ
353 184 435 248 cnr.
453 193 585 248 15—18.
606 190 632 253 s.
646 193 778 248 ra-ao.
1026 141 1081 249 '41

55 340 106 399 vel
119 337 235 398 vicinos
247 354 342 411 meos,
358 336 410 414 qui
422 354 496 398 suos
510 336 633 410 liberos,
647 353 726 412 quos
736 336 856 413 plurimi
870 337 991 412 iaciunt,
1005 337 1082 413 agri-

55 425 140 482 colas
155 421 302 485 adsiduos
325 437 396 482 esse
415 423 548 496 cupiunt.
575 423 690 480 Verum
704 421 842 482 homines
857 430 948 481 notos
964 437 1083 480 sumere

55 508 197 566 odiosum
217 514 278 580 est,
303 523 396 580 quum
405 512 447 566 .et
469 505 543 565 illud
567 503 714 564 incertum
736 504 790 578 sit,
812 506 942 565 velintne
962 503 994 563 hi
1013 520 1083 565 sese

54 588 203 650 nominari
228 598 258 650 et
277 606 367 649 nemo
388 587 478 649 vobis
500 587 597 664 magis
611 597 703 649 notus
725 590 842 649 iuturus
864 589 903 649 sit
925 603 1016 663 quam
1037 595 1084 647 est

55 674 104 734 hie
117 673 290 750 Eutychus,
308 681 338 733 et
351 681 432 733 certe
445 673 484 732 ad
501 690 564 732 rem
580 671 652 731 nihil
668 672 799 744 intersit,
816 681 915 733 utrum
929 671 1010 732 hunc
1025 687 1082 746 ego

55 757 204 819 comicum
219 757 445 816 adolescentem
457 773 495 816 an
506 756 640 832 aliquem
653 772 690 815 ex
699 773 772 832 agro
779 755 908 816 Veiente
921 754 1082 816 nominem.

53 840 178 902 Etenim
193 839 269 912 haec
292 840 422 901 conficta
441 839 570 901 arbitror
589 839 722 915 apotitis
740 856 826 913 esse,
849 849 880 900 ut
894 840 1013 900 effictos
1028 855 1081 899 uo·
1168 856 1173 877 ⁴

55 933 135 985 suos
153 939 255 982 mores
270 922 299 981 in
315 923 420 984 alienis
432 923 574 1000 personis
590 940 830 999 expressamque
841 922 1001 998 imaginem
1016 928 1081 996 [no-

55 1008 159 1084 stram]
178 1006 256 1091 vitae
271 1006 439 1068 cotidianae
456 1008 638 1068 videremus.
665 1005 715 1070 le.
730 1009 798 1083 Age
814 1025 910 1079 nunc,
925 1009 1005 1067 reler
1018 1005 1086 1066 ani-1
1115 1013 1118 1026 '

55 1109 137 1151 nrum
159 1088 263 1150 sis'ad
284 1090 441 1152 veritatem
462 1100 492 1152 et
512 1089 689 1164 considera,
711 1108 771 1151 non
793 1093 884 1152 modo
907 1089 937 1150 in
959 1090 1083 1152 Umbria

55 1184 148 1249 atquc
162 1173 192 1233 in
208 1190 244 1233 ea
260 1173 426 1247 vicinitate,
452 1176 508 1234 sed
532 1174 562 1233 in
582 1174 630 1233 his
645 1175 799 1235 veteribus
815 1174 988 1250 municipiis
1004 1190 1083 1250 quae

56 1258 158 1319 studia
182 1275 201 1317 a
220 1257 356 1340 patribus
380 1257 508 1318 familias
523 1258 654 1317 maxime
671 1259 845 1319 laudentur:
870 1258 928 1317 iam
944 1261 1082 1332 prolecto

55 1351 86 1402 te
107 1340 255 1416 intelliges
277 1341 381 1416 iuopia
399 1341 556 1402 criminum
577 1359 725 1402 summam
745 1342 866 1402 laudem
881 1341 952 1401 Sex.
967 1340 1082 1402 Roscio

57 1424 129 1486 vitio
151 1434 181 1485 et
201 1427 309 1501 culpae
324 1426 458 1485 dedisse.
501 1425 596 1491 xxti,
616 1427 662 1485 Ac
684 1443 745 1486 non
768 1425 859 1486 modo
882 1425 942 1484 hoc
962 1433 1083 1499 patrum

55 1509 211 1569 voluntate
233 1509 319 1569 liberi
336 1510 463 1581 iaciunt,
485 1510 541 1569 sed
562 1509 729 1585 permultos
752 1517 853 1583 elego
868 1508 940 1568 novi
955 1516 1000 1581 et,
1023 1506 1083 1567 nisi

56 1609 104 1652 me
122 1592 196 1653 fallit
211 1593 344 1664 animus,
366 1609 445 1652 unus
462 1593 593 1668 quisque
606 1602 758 1664 vestrum,
775 1592 826 1667 qui
842 1600 872 1652 et
889 1590 948 1666 ipsi
965 1588 1084 1651 incensi

44 1684 127 1736 suut
141 1676 256 1749 studio,
270 1676 353 1751 quod
365 1677 404 1735 ad
417 1679 522 1750 agrum
534 1677 693 1737 colendum
708 1676 824 1750 attinet,
836 1675 990 1750 vitamque
1006 1675 1084 1734 hanc

54 1759 215 1832 rusticam,
234 1776 324 1834 quam
337 1767 368 1820 tu
383 1760 495 1834 probro
514 1769 544 1821 et
558 1759 673 1820 crimini
685 1769 775 1836 putas
791 1775 862 1819 esse
877 1767 1035 1834 oportere,
1053 1765 1083 1818 et
1158 1792 1165 1811 ι

57 1843 306 1904 honestissimam
328 1851 358 1903 et
378 1841 590 1903 suavissimam
614 1861 684 1908 esse
706 1838 899 1904 arbitranturss
930 1841 981 1904 49.
1006 1839 1084 1915 Quid

57 1942 167 1987 censes
182 1927 263 1986 hunc
277 1926 377 2002 ipsum
394 1927 464 1986 Sex.
480 1927 642 1996 Roscium,
662 1945 722 2002 quo
739 1926 839 1986 studio
856 1933 886 1985 et
901 1942 962 2000 qua
977 1925 1083 1986 intelli-

56 2010 159 2085 gentia
178 2027 249 2070 esse
271 2010 301 2069 in
322 2010 445 2071 rusticis
465 2012 580 2072 rebus?
617 2012 657 2072 Ut
677 2028 716 2070 ex
732 2009 781 2070 his
804 2008 985 2085 propinquis
1007 2009 1084 2081 eius

55 2092 229 2154 hominibus
246 2093 487 2168 honestissimiS,
512 2095 620 2167 audio,
644 2111 706 2154 non
723 2101 755 2154 tu
770 2091 800 2152 in
816 2092 875 2152 isto
891 2092 1017 2153 artificio
1034 2108 1083 2151 ac·.

57 2175 211 2237 cusatorio
227 2177 364 2238 callidior
377 2193 412 2237 es
431 2194 521 2252 quam
538 2177 588 2238 hic
608 2179 638 2237 in
661 2178 888 2248 suotherum,
910 2186 943 2237 ut
965 2175 1084 2251 opinor,

57 2261 202 2336 quoniam
223 2259 264 2320 ita
279 2261 478 2338 Chrysogono
496 2260 631 2334 videtur,
647 2261 698 2336 qui
715 2259 784 2321 huic
798 2260 911 2320 nullum
926 2258 1084 2336 praedium
1117 2294 1125 2310 ·

55 2344 193 2418 reliquit,
216 2351 247 2403 et
267 2345 425 2405 artificium
447 2344 644 2406 obliviscatur
667 2353 696 2404 et
718 2344 851 2404 studium
865 2343 999 2418 deponat
1012 2343 1082 2401 lice-

55 2428 109 2488 bit.
146 2427 234 2499 Quod
248 2429 366 2489 tametsi
382 2428 525 2488 miserum
541 2437 571 2488 et
585 2427 741 2503 iudignum
754 2435 815 2499 est,
831 2428 906 2487 leret
919 2433 1017 2486 tamen
1033 2442 1083 2485 ae-

58 2529 120 2587 quo
136 2511 252 2584 animo,
272 2511 405 2586 iudices,
426 2510 452 2571 si
469 2529 594 2587 pervus
609 2511 701 2571 vitam
717 2519 746 2572 et
761 2512 871 2570 laruam
887 2518 989 2585 potest
1007 2508 1082 2570 obti-

56 2611 146 2657 nere:
167 2595 226 2654 hoc
241 2612 314 2657 vero
329 2604 391 2669 est,
419 2613 479 2670 quo
501 2595 589 2675 ,ferri
602 2612 663 2656 nou
679 2601 795 2670 potest,
813 2593 839 2654 si
854 2603 884 2655 et
895 2595 924 2653 in
940 2594 1018 2653 hanc
1034 2607 1083 2652 ca-

55 2680 218 2739 lamitatem
239 2678 322 2739 venit
342 2688 466 2755 propter
483 2597 680 2754 {iaediorum
694 2679 859 2740 bonitatem
877 2687 907 2738 et
920 2676 1083 2737 multitudi·
1135 2670 1171 2705 f

56 2780 127 2823 nem
149 2771 194 2835 et,
215 2762 298 2837 quod
319 2779 356 2822 ea
371 2764 508 2823 studiose
523 2762 630 2836 coluit,
652 2761 683 2822 id
704 2763 761 2822 erit
776 2761 804 2822 ei
821 2761 951 2821 maxime
976 2759 1160 2832 trauain-22·

57 2854 91 2906 ut
107 2863 215 2929 parum
227 2845 367 2915 miseriae
383 2846 436 2918 sit,
454 2847 540 2937 <putori⁴
552 2846 742 2929 aliiscoluit,
754 2862 814 2906 non
831 2844 903 2964 Jibi,
914 2844 979 2925 ¹nisi
994 2842 1127 2904 etiam'..·
1154 2852 1163 2895 t

58 2930 142 3005 quod
158 2924 279 2990 dnr‘hino
296 2914 519 2992 coluittt'rihin‘i
536 2922 636 2994 luerit.
646 2916 765 2990 'ilvrlt
780 2929 830 2990 50.
844 2917 969 3001 Nae't'u',
984 2928 1084 3000 Eruci,
1127 2928 1129 2933 ’

56 3021 219 3073 accusator
238 3029 326 3073 esses
345 3012 512 3091 ridiculus,
536 3013 563 3073 si
581 3013 640 3073 illis
660 3012 850 3088 temporibus
873 3020 962 3072 natus
985 3028 1084 3084 esses,

58 3114 152 3172 quum
173 3097 211 3156 ab
229 3084 581 3157 aratroitrcessehantur
598 3095 651 3171 qui
665 3099 809 3158 consules
827 3097 942 3154 tierent.
966 3095 1084 3156 Etenim

57 3181 109 3256 qui
130 3196 277 3257 praeesse
297 3195 370 3252 agro
392 3181 521 3241 colendo
542 3179 688 3255 flagitium
709 3188 813 3256 putes,
840 3179 977 3254 proiecto
1001 3180 1084 3238 illum

56 3264 193 3337 Atilium,
217 3281 306 3338 quem
319 3280 375 3322 sua
386 3280 474 3323 manu
487 3271 681 3338 spargentem
702 3278 805 3323 semen
824 3261 876 3336 qui
894 3263 979 3323 missi
998 3269 1085 3322 eraut

58 3356 280 3421 convenerunt,
298 3347 450 3407 hominem
470 3346 685 3424 turpissimum
696 3343 1111 3421 atuusinhunesussmxs

50 3430 211 3493 iudicares.
244 3435 285 3495 At
306 3433 434 3498 hercule
456 3433 597 3499 maiores
616 3429 848 3504 uostr‘ttouue
863 3423 1012 3481 eune-ss
1021 3405 1138 3462 ΨΜ
