2370 3780
113 199 153 265 lt
336 146 339 151 Ι
376 200 449 262 PRO
472 201 503 259 P.
526 197 700 274 Qtttttctto
723 198 872 262 ORATIO.

113 364 143 414 et
158 353 266 414 solatio
285 353 469 418 sublevatur.
491 352 582 412 Cuius
600 369 671 413 vero
687 353 768 413 bona
783 352 954 426 venierunt,
971 355 1057 416 cuius
1073 371 1134 416 non

113 439 204 498 modo
220 437 289 497 illae
304 436 510 511 amplissimae
530 438 684 510 fortunae,
700 437 860 497 sedetiam
876 437 973 497 victus
994 439 1136 500 vestitus·

114 537 173 595 que
200 520 393 581 necessarius
420 520 476 579 suh
500 536 684 594 praeconem
711 537 778 581 cum
805 520 958 581 dedecore
979 522 1134 583 subiectus

112 615 173 676 est,
196 605 222 664 is
245 621 305 664 non
325 604 416 664 modo
441 621 480 663 ex
502 619 627 663 numero
646 603 785 664 vivorum
806 606 995 677 exturbatur,
1018 607 1088 676 sed,
1109 607 1136 665 si

112 687 178 748 heri
190 696 305 762 potest,
320 688 398 747 intra
413 687 502 747 etiam
512 694 648 747 mortuos
663 688 830 746 mandatur.
855 688 972 748 Etenim
984 706 1065 748 mors
1080 690 1134 749 ho-

111 780 199 831 nesta
220 788 313 847 saepe
334 771 425 831 vitam
442 787 641 846 quoquenon
659 779 776 844 turpem
791 781 932 831 exornat:
960 772 1022 831 vita
1035 773 1133 847 turpis

111 871 150 915 nc
173 855 258 915 morti
282 855 402 930 quidem
421 855 569 914 honestae
589 853 859 928 locum'relinquit.
895 855 945 916 50.
965 855 1044 928 Ergo
1066 857 1133 914 her-

112 940 194 1011 cule,
220 936 307 1009 ciuus
328 928 410 998 bona
432 954 471 997 ex
487 937 586 997 edicto
605 937 815 1010 possidentur,
836 936 926 999 huius
941 938 1039 999 omnis
1056 941 1134 998 lama

111 1029 142 1082 et
167 1021 348 1083 existimatio
370 1022 544 1082 cambanis
566 1021 654 1080 simul
671 1021 859 1094 possidetur:
887 1023 926 1083 de
955 1039 1015 1097 quo
1041 1021 1134 1082 libelli

111 1107 141 1166 in
164 1104 368 1166 celeberrimis
389 1104 465 1165 locis
486 1113 712 1179 proponuntur,
735 1103 805 1163 huic
833 1121 871 1163 ne
892 1106 990 1179 perire
1012 1106 1133 1179 quidem

110 1187 199 1250 tacite
228 1190 420 1263 obscureque
441 1188 632 1248 conceditur:
658 1188 706 1248 cui
728 1187 862 1261 magistri
882 1189 957 1248 siunt
974 1199 1004 1250 et
1019 1187 1132 1249 domini

111 1272 348 1344 constituuntur,
372 1273 423 1346 qui
444 1289 504 1345 qua
523 1273 591 1346 lege
612 1279 642 1332 et
665 1288 726 1346 qua
741 1271 923 1332 condicione
945 1282 1049 1346 pereat
1062 1289 1131 1348 pro-

111 1356 266 1417 nuncient:
280 1358 318 1416 de
333 1375 393 1430 quo
407 1356 528 1416 homine
539 1356 701 1429 praeconis
717 1372 777 1415 vox
788 1355 944 1429 praedicat
956 1366 985 1415 et
995 1356 1132 1430 precium

111 1440 343 1513 conficta-huic
364 1439 593 1499 acerbissimum
611 1437 683 1499 vivo
702 1438 877 1513 videntique
898 1440 988 1513 lanus
1004 1441 1130 1510 ducitur,

111 1523 138 1583 si
154 1524 244 1584 sunus
259 1524 291 1584 id
307 1525 479 1583 habendum
494 1523 547 1594 sit,
571 1539 632 1598 quo
648 1539 709 1582 non
723 1522 811 1582 amici
827 1523 1012 1583 conveniunt
1025 1524 1066 1583 ad
1079 1541 1131 1583 ex·

111 1607 234 1682 sequias
256 1607 518 1679 cohonestandas,
543 1607 598 1666 sed
619 1607 768 1666 bonorum
786 1615 939 1680 emptores
961 1615 993 1666 ut
1013 1607 1131 1666 carnifi-

17 1740 20 1751 .
111 1707 163 1751 ces
176 1693 216 1750 ad
230 1690 376 1766 reliquias
393 1690 470 1750 vitae
485 1690 665 1750 lacerandas
682 1699 712 1749 et
727 1690 949 1751 distrahendas.

192 1775 271 1835 XVl.
290 1773 340 1834 51.
361 1775 466 1848 ltaque
480 1773 611 1834 maiores
627 1772 722 1833 nostri
738 1790 807 1834 raro
823 1775 854 1832 id
871 1773 1011 1833 accidere
1027 1775 1130 1834 voluc-

109 1865 193 1931 runt,
214 1867 372 1933 praetorcs
396 1866 427 1917 ut
446 1856 639 1917 considerate
660 1857 746 1916 tieret
767 1865 1028 1931 comparaverunt.
1065 1857 1130 1916 Viri

109 1942 181 2002 honi
205 1959 297 2016 quum
320 1943 419 2016 palam
442 1942 633 2013 fraudantur,
664 1957 757 2014 quum
783 1941 963 2015 experiundi
993 1949 1130 2014 potestas

110 2042 170 2086 non
187 2034 248 2097 cst,
273 2025 374 2086 timide
388 2035 489 2085 tamen
504 2033 533 2084 et
548 2023 762 2099 pedetemptim
776 2023 855 2084 istuc
871 2023 1075 2094 descendunt,
1100 2024 1130 2083 vi

108 2125 145 2168 ac
158 2109 338 2169 necessitate
351 2109 462 2182 coacti,
474 2108 574 2181 inviti,
585 2108 686 2168 multis
699 2107 878 2167 vadimoniis
891 2107 1020 2168 desertis
1036 2123 1130 2182 saepe

108 2192 189 2252 illusi
206 2209 241 2252 ac
257 2191 400 2252 destituti.
435 2191 633 2252 considerant
647 2192 726 2250 enim
742 2190 815 2265 quid
830 2199 860 2250 et
875 2199 1020 2265 quantum
1035 2191 1074 2250 sit
1088 2194 1130 2250 al·-

52 2281 57 2293 ’
109 2277 202 2336 terius
226 2277 305 2335 bona
327 2276 528 2350 proscribere.
565 2276 702 2354 iugulare
724 2274 821 2333 civem
849 2291 886 2333 ne
913 2274 978 2334 iure
1009 2275 1129 2350 quidem

108 2359 271 2434 quisquam
284 2359 385 2418 bonus
404 2361 481 2419 vult:
506 2359 620 2417 mavult
636 2357 715 2417 enim
729 2373 964 2417 commemorare
980 2374 1014 2417 se
1038 2375 1129 2432 quum

107 2452 215 2518 posset
241 2444 369 2517 perdere
394 2442 571 2517 pepercisse
599 2458 688 2516 quam
713 2459 815 2516 ,quum
844 2457 970 2515 parcere
998 2441 1129 2515 potuerit

19 2597 24 2608 ι
72 2548 77 2559 ·
107 2525 290 2601 perdidisse.
311 2527 393 2584 Haec
410 2526 439 2585 in
456 2525 593 2585 homines
608 2525 825 2596 alienissimos,
840 2524 970 2599 deniquo
985 2525 1127 2584 inimicis-

108 2610 202 2669 simos
221 2608 279 2668 viri
301 2609 373 2669 boni
394 2610 507 2668 iaciunt
529 2616 558 2668 ct
578 2608 733 2669 hominum
753 2607 983 2668 existimationis
999 2616 1029 2668 et
1045 2625 1126 2667 com-

107 2693 205 2753 munis
227 2691 420 2752 humanitatis
438 2709 546 2751 causa:
567 2700 613 2763 ut,
633 2709 725 2766 quum
744 2690 804 2765 ipsi
826 2691 898 2749 nihil
922 2691 1007 2752 alteri
1027 2691 1125 2750 scien-

108 2786 153 2836 tes
168 2775 434 2848 ineommodarint,
457 2774 530 2833 nihil
549 2774 625 2848 ipsis
647 2776 711 2835 iure
726 2775 909 2834 incommodi
926 2776 1036 2835 cadere
1052 2792 1125 2849 pos-

107 2861 154 2919 sit.
188 2860 240 2921 52.
258 2859 309 2919 Ad
325 2858 528 2919 vadimonium
543 2875 603 2918 non
617 2859 708 2919 venit.
739 2857 832 2931 Quis‘l
860 2857 1064 2934 Propinquus.
1092 2858 1124 2917 Si
1158 2908 1161 2913 .

106 2959 156 3002 res
173 2943 231 3004 ista
245 2941 425 3018 gravissima
442 2959 498 3001 sua
515 2950 624 3016 sponte
641 2942 806 3015 videretur,
821 2951 920 3003 tamen
936 2942 1001 3002 eius
1017 2941 1124 3002 atroci·

96 3036 152 3086 -tas
175 3026 408 3087 necessitudinis
430 3025 551 3086 nomine
568 3028 725 3086 levaretur.
766 3027 815 3084 Ad
837 3025 1041 3086 vadimonium
1063 3042 1122 3086 non

105 3109 196 3170 venit.
226 3109 320 3182 Quist
342 3109 462 3175 Socius.
489 3109 585 3170 Etiam
602 3108 724 3183 gravius
739 3107 853 3184 aliquid
867 3108 895 3168 ei
910 3110 1037 3170 deberes
1051 3125 1122 3168 con-

106 3194 229 3266 cedere,
255 3193 376 3267 quicum
403 3202 432 3254 te
458 3202 509 3254 aut
533 3195 674 3254 voluntas
695 3201 912 3267 congregasset
931 3201 983 3252 aut
1002 3193 1122 3252 fortuna

105 3276 324 3338 coniunxisset.
348 3278 398 3336 Ad
412 3276 615 3338 vadimonium
630 3293 691 3336 non
708 3276 796 3336 venit.
823 3276 917 3350 Quis?
940 3276 984 3348 ls,
1002 3274 1054 3349 qui
1068 3276 1121 3334 tibi

54 3383 61 3395 ι
79 3367 216 3420 praesto
233 3375 362 3432 semper
377 3362 442 3423 luit.
471 3363 553 3438 Ergo
569 3359 600 3421 in
615 3376 701 3432 eum,
715 3357 769 3434 qui
782 3362 878 3420 semel
890 3360 947 3419 hoc
961 3359 1119 3430 commisit,

65 3434 103 3503 ’.ΙΙ
117 3435 180 3491 tibi
184 3449 325 3510 praesto
339 3461 408 3509 non
424 3456 530 3526 esset,
549 3446 659 3513 omnia
669 3446 736 3510 tela
748 3441 926 3514 eotiteoisti,
938 3449 1138 3517 quae-parata
