2370 3780
92 173 134 241 aa
248 175 321 238 ano
342 174 426 239 sax.
447 174 586 239 aosctu
606 174 780 238 nnmnmo
803 175 955 239 carano.
1044 136 1046 141 ’

94 330 142 390 iris
157 328 247 390 bon1s
263 344 335 390 esse
351 326 484 389 socium:
507 328 545 389 de
559 328 655 391 tribus
670 335 699 390 et
713 329 820 389 decern
834 329 937 391 lundis
951 335 1014 391 tras
1028 326 1112 390 nobl-
1143 388 1147 399 ,

91 415 227 477 lissimos
241 413 353 474 fundos
368 428 437 472 eum
452 411 541 472 video
556 412 727 489 possidere.
757 411 827 475 100.
862 412 964 474 Audio
980 422 1112 489 praeter-

89 516 129 562 ea
146 516 207 560 non
228 498 305 558 hunc
325 496 530 571 suspicionem
544 513 625 557 nunc
641 497 770 572 primum
791 497 820 557 in
842 497 1018 574 Capitonem
1042 513 1113 558 con-

91 582 180 645 terri:
201 583 311 641 multas
328 597 399 642 esse
413 580 541 641 infames
556 579 623 640 eius
642 582 773 656 palmas:
795 581 874 642 hanc
893 581 1021 656 primam
1042 598 1114 643 esse

90 679 190 730 tamen
212 664 432 735 lemniscatam,
455 678 534 739 quae
552 663 649 724 Roma
669 665 835 726 deleratur:
857 666 971 726 nullum
990 664 1113 726 modum

90 768 163 812 esse
183 747 313 810 hominis
333 745 494 808 occidendi
515 763 576 822 quo
591 746 641 807 illa
656 765 717 808 non
732 747 848 824 aliquot
862 747 1024 824 acciderit,
1039 750 1113 811 mul·

89 845 139 896 tos
155 835 249 905 lerro,
265 830 375 893 multos
390 846 519 890 veneno.
549 831 656 892 Habeo
673 832 763 892 etiam
778 832 881 893 dicere
900 849 991 908 quem
1010 842 1115 894 conus

90 930 206 978 morem
218 915 363 974 maiorum
374 913 520 974 minorem
532 912 620 974 annis
636 930 674 974 ax
686 916 724 974 de
738 924 831 989 ponte
846 914 877 975 in
887 915 1018 976 Tiberim
1033 916 1113 977 deie-

90 1000 174 1062 cerit.
207 999 290 1072 Quae
312 996 338 1058 si
353 993 515 1072 prodierit,
529 1005 622 1074 alque
636 999 715 1059 adeo
730 1016 823 1073 quum
839 998 1036 1074 prodierit-
1048 998 1113 1061 scio

87 1083 172 1144 enim
185 1082 371 1157 proditurum
379 1097 453 1142 esse
465 1114 522 1154 —,
537 1082 648 1143 audiet
680 1080 750 1144 101.
773 1083 883 1144 Veniat
894 1084 1000 1145 mador
1017 1081 1113 1160 expli·

88 1175 141 1227 cet
156 1182 245 1226 suum
258 1165 400 1224 volumen
412 1164 501 1239 illud,
515 1167 599 1241 quod
615 1160 644 1226 ei
655 1168 779 1242 planum
789 1167 891 1227 iacere
901 1182 1030 1242 passum
1040 1167 1114 1228 sm-

39 1272 42 1279 ·
87 1251 169 1310 cium
182 1248 422 1324 conscripsisse:
435 1249 518 1324 quod
529 1249 612 1310 aiunt
622 1248 903 1311 iilumScx.R0sci0
915 1246 1114 1326 intemptasse

87 1340 120 1394 ει
133 1328 298 1394 minitatum
313 1349 385 1393 esse
399 1350 434 1393 sa
447 1332 548 1394 omnia
558 1334 609 1393 illa
621 1349 676 1410 pro
689 1333 860 1394 testimonio
872 1346 944 1394 esse
954 1333 1114 1396 dicturum.

93 1418 116 1478 0
131 1419 318 1492 praeclarum
333 1424 457 1489 testem,
472 1413 606 1477 iudices!
629 1433 648 1478 0
663 1417 842 1493 gravitatem
858 1417 980 1492 dignam
1002 1432 1113 1493 exspe-

89 1499 237 1563 ctatione!
255 1517 273 1562 o
288 1501 377 1561 vitam
392 1500 550 1561 honestam
574 1509 666 1577 atque
687 1500 753 1561 eius
773 1501 871 1575 modi,
896 1510 929 1562 ut
949 1501 1113 1564 libentibus

87 1584 198 1646 animis
212 1586 251 1645 ad
266 1580 332 1645 eius
346 1583 550 1645 testimonium
561 1593 695 1645 vestrum
709 1584 758 1645 ius
772 1585 932 1647 iurandum
942 1600 1113 1646 accommo-

86 1668 184 1730 detis!
205 1668 344 1729 Profecto
360 1684 420 1727 non
433 1675 495 1728 tam
508 1667 672 1744 perspicue
688 1684 745 1730 nos
760 1668 887 1730 istorum
905 1669 1057 1731 maleficia
1070 1666 1113 1727 vi-

86 1754 247 1823 deremus,
264 1750 323 1810 nisi
337 1749 423 1825 ipsos
434 1766 547 1811 caecos
560 1752 702 1813 redderet
720 1751 870 1827 cupiditas
893 1761 924 1813 et
941 1752 1070 1814 avaritia
1084 1760 1114 1831 et

88 1835 227 1895 audacia.
261 1832 393 1894 XXXVI.
428 1832 498 1896 102.
523 1836 608 1896 Alter
623 1851 663 1895 ex
677 1834 746 1912 ipsu
758 1836 854 1896 caede
867 1837 1024 1897 volucrem
1038 1852 1113 1897 nrm·

88 1917 168 1979 cium
183 1918 334 1977 Ameriam
348 1916 388 1976 ad
404 1914 522 1979 socium
541 1927 634 1994 utque
651 1920 687 1980 ad
710 1919 883 1994 magistrum
905 1936 993 1981 suum
1017 1918 1112 1993 misit,

87 2011 137 2076 ut,
154 2001 180 2062 si
194 2001 385 2063 dissimulare
400 2018 507 2062 omnes
523 2011 670 2078 cuperent
689 2019 724 2064 se
738 2002 818 2064 scire
832 2003 871 2062 ad
888 2019 978 2081 quem
999 2002 1112 2065 nralaii·

88 2085 168 2147 cium
181 2085 361 2161 pertineret,
376 2093 475 2146 tamen
491 2084 561 2160 ipse
575 2096 712 2162 apertum
729 2103 818 2147 suum
832 2088 935 2148 scelus
957 2096 1030 2148 ante
1049 2102 1112 2149 om·

87 2171 171 2231 nium
185 2170 293 2229 oculos
308 2178 446 2244 poneret.
478 2170 577 2242 Alter,
594 2169 622 2230 si
639 2171 686 2230 dis
702 2166 921 2232 immortaflbus
937 2172 1053 2246 placet,
1069 2180 1112 2232 te·

86 2252 230 2317 alimonia
242 2252 331 2312 etiam
345 2251 375 2311 in
389 2251 460 2312 Sex.
472 2251 617 2313 Roscium
632 2254 767 2314 dicturus
780 2262 836 2314 est.
859 2254 952 2328 Quasi
966 2270 1112 2316 veronen

87 2336 120 2397 ld
142 2351 228 2396 nunc
242 2345 358 2410 agatur,
378 2344 476 2397 utrum
497 2335 523 2396 is
539 2337 621 2411 quod
636 2336 746 2398 dixerit
765 2337 950 2399 credendum
972 2355 1017 2399 an*
1030 2336 1112 2414 quod

89 2416 424 2481 leceritvindicandum
446 2421 494 2481 sit.
518 2420 624 2495 ltaque
637 2436 724 2481 more
743 2420 888 2482 maiorum
905 2429 1112 2498 comparatum

87 2513 152 2578 est,
167 2510 200 2564 ut
211 2502 241 2562 in
256 2502 386 2564 minimis
401 2505 495 2565 rebus
509 2502 648 2565 homines
665 2504 843 2580 amplissimi
854 2503 1059 2566 testimonium
1073 2505 1111 2565 da

88 2604 147 2648 sua
161 2602 195 2647 re
209 2603 269 2646 non
291 2585 436 2648 dicerent
452 2618 455 2623 v
472 2584 544 2648 103.
580 2588 758 2660 Africanus,
780 2587 832 2662 qui
853 2605 910 2648 suo
932 2587 1112 2665 cognomina

89 2671 224 2731 declarat
238 2669 354 2731 tertiam
370 2679 484 2746 partem
500 2671 583 2731 orbis
598 2678 744 2732 terrarum
759 2686 794 2731 se
811 2669 988 2747 subegisse,
1001 2681 1111 2745 tamen,

89 2753 117 2814 si
133 2770 252 2815 suares
267 2761 423 2828 ageretur,
438 2754 643 2815 testimonium
658 2771 718 2814 non
735 2753 858 2815 diceret.
890 2754 966 2815 Nom
987 2756 1062 2817 illud
1081 2754 1111 2817 in

87 2839 177 2898 talem
195 2839 291 2898 virum
306 2853 367 2898 non
388 2839 489 2899 audeo
509 2837 626 2899 dicere:
649 2838 675 2898 si
696 2837 825 2911 diceret,
845 2854 907 2898 non
928 2840 1111 2900 crederetur.

86 2919 197 2981 Videte
220 2936 301 2983 nunc
323 2938 413 2996 quarn
433 2929 576 2982 versaet
595 2929 708 2982 mumta
721 2922 750 2980 in
771 2920 906 2998 peiorem
922 2931 1039 2998 partem
1052 2920 1112 2984 sint

63 3039 65 3043 -
89 3003 198 3064 omnia.
232 3005 328 3078 Quum
343 3007 381 3065 de
397 3004 487 3066 bonis
502 3012 533 3067 et
549 3005 588 3065 de
603 3006 698 3067 caede
713 3013 832 3079 agatur,
848 3004 1052 3068 testimonium
1067 3004 1110 3067 dl·

90 3094 193 3147 cturus
208 3087 312 3161 estis,
333 3088 387 3164 qui
407 3096 437 3149 et
450 3095 551 3149 sector
564 3096 612 3149 est
631 3097 660 3150 et
675 3087 818 3161 sicarius,
843 3089 904 3150 hoc
917 3098 981 3163 est,
1004 3088 1057 3167 qui
1080 3096 1109 3149 et

88 3169 208 3231 illorum
221 3170 355 3245 ipsorum
372 3173 534 3243 bonorum,
557 3172 596 3233 de
617 3172 729 3248 quibus
746 3171 858 3248 agitur,
881 3181 1001 3248 emptor
1017 3182 1108 3249 atqua

88 3270 255 3330 possessor
271 3263 318 3315 est
335 3265 366 3315 et
377 3273 446 3316 eum
457 3255 609 3317 huminem
621 3255 821 3317 occidendum
833 3254 958 3329 curarit,
971 3257 1010 3318 de
1021 3255 1108 3318 cuias

78 3345 183 3395 morte
197 3337 360 3410 quaeritur.
394 3337 465 3402 104.
502 3335 580 3414 Quid
594 3347 644 3414 tu,
659 3338 706 3398 vir
722 3339 858 3415 optime?
876 3339 990 3414 ecquid
1012 3340 1108 3405 nabes

63 3417 156 3483 quod
168 3418 377 3506 dr'c‘astmiln'
392 3428 554 3489 auscultata
579 3425 653 3486 uide
671 3441 713 3486 ne
730 3422 788 3486 t'tlit
801 3423 906 3493 detersa
920 3431 977 3481 tua
992 3436 1116 3497 uacuus
