2370 3780
63 200 104 262 20
324 197 397 261 PRO
418 200 450 258 Ρ.
472 199 646 273 QUlNCTlt'l
670 198 821 261 ORATIO.

62 360 197 413 vestrum
212 349 391 427 quidquam,
407 360 440 412 ut
455 349 578 427 opinor,
592 350 734 412 interfuit.
767 350 907 427 Ingenio,
924 359 1086 424 vetustate,

63 434 189 498 artificio
204 443 236 496 tu
251 435 339 495 iacile
352 433 461 496 vicisti.
495 435 536 495 Ut
548 434 607 493 alia
622 434 769 507 omittam,
784 435 843 494 hoc
858 434 933 495 satis
948 444 1011 496 estr
1033 438 1087 495 Al·

63 521 236 580 lenuscum
249 518 287 579 iis
302 527 332 579 et
343 527 467 593 propter
481 534 536 578 eos
548 517 651 592 periit,
668 536 746 594 quos
757 518 917 593 diligebat:
933 526 979 593 tu,
999 529 1086 593 post-

63 620 155 678 quam
177 601 229 677 qui
244 601 297 662 tibi
317 610 403 663 erant
417 599 520 673 amici,
543 617 604 661 non
626 609 765 677 poterant
778 601 918 672 vincere,
939 610 973 662 ut
996 602 1088 662 amici

62 685 116 746 tibi
138 694 241 746 essent
256 685 308 761 qui
320 684 482 745 vincebant
496 683 634 747 effecisti.
670 679 720 745 71.
742 685 858 759 Quodsi
873 693 937 745 tum
959 701 1017 760 par
1032 685 1088 745 tibi

63 769 111 829 ius
126 784 195 828 cum
208 769 318 829 Alieno
335 766 432 828 luisse
446 785 507 831 non
523 776 629 844 putas,
651 767 723 843 quia
743 776 844 829 mmen
859 767 993 842 aliquem
1012 784 1086 830 con-

63 860 157 912 trote
178 852 331 912 advocare
347 859 478 925 poterat,
501 851 573 927 quia
585 851 778 926 magistratus
794 850 890 927 aliqui
912 850 1086 926 reperieba-

63 944 111 996 tur
128 935 210 1010 apud
232 951 323 1010 quem
336 934 436 995 Alieni
457 951 550 995 causa
564 934 760 1007 consisteret,
774 934 855 1010 ¹quid
872 934 932 996 hoc
949 944 1088 1008 tempore

64 1017 202 1091 Quinctio
224 1018 416 1079 statuendum
437 1026 503 1079 estt
530 1017 578 1078 cui
598 1034 698 1093 neque
712 1017 904 1092 magistratus
920 1018 1021 1079 adhuc
1034 1033 1086 1078 ae-

65 1119 144 1177 quus
165 1100 306 1162 inventus
326 1109 375 1162 est
394 1118 494 1176 neque
514 1101 657 1163 iudicium
679 1099 830 1161 redditum
853 1111 901 1162 est
926 1100 1086 1163 usitatuma

64 1202 125 1246 non
145 1184 300 1258 condicio,
321 1201 383 1244 non
404 1184 548 1261 sponsio,
569 1201 631 1246 non
652 1185 785 1260 denique
805 1185 867 1245 ulla
880 1200 1025 1260 umquam
1039 1183 1086 1247 in-

65 1266 203 1329 tercessit
222 1266 401 1344 postulatio,
428 1270 512 1330 mitto
533 1284 649 1343 aequa,
668 1284 774 1328 verum
794 1268 943 1328 antehoc
964 1276 1085 1343 tempus

64 1368 103 1411 ne
125 1352 216 1412 lando
239 1352 361 1427 quidem
381 1351 493 1412 audita.
535 1352 579 1411 De
598 1367 632 1410 re
652 1350 830 1426 pecuniaria
850 1351 941 1425 cupio
961 1359 1085 1412 conten·

64 1436 145 1495 dere.
183 1436 248 1496 Non
269 1435 348 1495 licet.
387 1437 426 1495 At
445 1451 483 1495 ea
497 1433 704 1495 controversia
718 1442 774 1495 est.
812 1433 891 1495 Nihil
905 1436 1006 1495 adme
1020 1434 1084 1495 atti-

64 1527 129 1578 net:
151 1534 275 1579 causam
295 1517 403 1592 capitis
418 1517 503 1578 dicas
519 1524 648 1594 oportet.
676 1519 814 1590 Accusa,
835 1517 888 1578 ubi
901 1519 942 1579 ita
955 1532 1085 1579 necesse

64 1610 120 1663 est.
153 1603 235 1676 Non,
254 1601 368 1677 inquit,
388 1600 447 1661 nisi
463 1611 494 1662 tu
507 1611 577 1663 ante
593 1618 674 1662 novo
688 1603 780 1663 modo
798 1602 899 1676 priore
916 1603 985 1663 loco
1000 1600 1086 1663 dixe-

63 1685 116 1745 ris.
144 1685 312 1745 Dicendum
333 1685 509 1745 necessario
530 1692 591 1756 est,
613 1684 857 1759 praestituendae
874 1684 969 1745 horae
982 1686 1023 1744 ad
1037 1700 1084 1743 ar-

63 1767 184 1828 bilrium
199 1775 351 1840 nostrum,
366 1767 460 1839 iudex
476 1768 544 1843 ipse
559 1767 756 1829 coercebitur.
778 1766 827 1830 ta.
844 1767 922 1841 Quid
937 1775 1021 1828 tumt
1041 1766 1085 1827 Tu

64 1850 197 1926 aliquem
207 1858 367 1925 patronum
378 1850 514 1912 invenies
526 1852 677 1913 bominem
688 1850 804 1928 antiqui
816 1851 908 1912 oliicii
920 1853 972 1926 qui
985 1852 1085 1927 splen·

65 1937 171 1995 dorem
196 1943 332 1995 nostrum
362 1943 392 1994 et
414 1934 540 2009 gratiam
560 1933 714 2010 negligatt
741 1935 799 1996 Pro
819 1951 868 1996 me
888 1935 1033 2010 pugnabit
1050 1935 1085 1993 L.

64 2018 237 2094 Phiiippus,
254 2017 442 2093 eloquentia,
457 2018 617 2093 gravitate,
634 2017 750 2080 honore
764 2017 998 2079 florentissimus
1013 2017 1086 2079 civi-

67 2100 150 2174 tatis,
164 2100 245 2162 dicet
260 2101 456 2174 Hortensius,
471 2103 625 2162 excellens
639 2101 777 2177 ingenio,
795 2102 965 2172 nobilitate,
981 2100 1085 2161 existi-

65 2184 210 2254 matione,
226 2186 354 2244 aderunt
368 2193 468 2245 autern
482 2184 620 2246 homines
632 2185 811 2246 nobilissimi
828 2200 864 2244 ac
875 2183 1085 2259 potentissimi,

65 2276 98 2328 ut
112 2284 217 2327 eorum
232 2267 430 2341 frequentiam
444 2276 475 2329 et
489 2284 670 2329 consessum
684 2286 745 2330 non
759 2270 851 2330 modo
870 2267 902 2326 P.
921 2268 1083 2342 Quinctius,

66 2349 117 2426 qui
138 2351 297 2426 decapite
319 2351 468 2426 decernit,
491 2354 547 2413 sed
569 2352 669 2427 quivis
692 2352 743 2427 qui
764 2360 849 2415 extra
865 2352 1031 2425 periculum
1047 2350 1087 2411 sit

64 2434 287 2509 perhorrescat.
323 2432 372 2496 73.
390 2436 472 2496 Haeo
488 2444 535 2497 est
548 2435 652 2510 iniqua
666 2436 806 2507 certatio,
822 2451 883 2497 non
897 2436 963 2509 illa,
980 2441 1086 2510 quatu

66 2527 172 2580 corruo
187 2519 328 2578 Alienum
344 2517 530 2580 velitabaris=
550 2519 621 2580 huic
643 2535 682 2580 ne
702 2519 754 2579 ubi
770 2517 951 2579 consisteret
964 2518 1086 2594 quidem

43 2612 171 2679 ⁸contra
194 2609 222 2661 te
242 2602 343 2662 locum
363 2601 520 2676 reliquisti.
552 2602 650 2677 Quare
671 2610 723 2663 aut
736 2603 850 2662 doceas
866 2610 986 2676 oportet
1002 2603 1085 2661 Alle-

66 2702 138 2745 num
153 2700 285 2761 negasse
306 2701 341 2745 se
357 2694 586 2761 procuratorem
599 2703 687 2759 esse,
707 2701 769 2746 non
790 2684 942 2746 deiecisse
956 2685 1086 2756 libellos,

66 2768 210 2830 iudicium
230 2767 371 2843 accipere
392 2767 544 2833 noluisse.
567 2777 634 2843 aut,
655 2786 747 2845 quum
767 2769 844 2828 baec
864 2767 906 2829 ita
920 2770 999 2828 lacto
1016 2767 1087 2841 sint,

67 2867 106 2910 ex
123 2853 223 2914 edicto
240 2862 270 2913 te
284 2852 364 2912 bona
377 2850 407 2911 P.
424 2851 551 2926 Quinctii
566 2870 627 2913 non
644 2852 825 2928 possedisse
840 2850 1001 2914 concedas.

149 2935 252 2996 XXlll.
269 2934 387 2996 Etenim
404 2934 430 2995 si
447 2951 486 2995 ex
500 2935 598 2997 edicto
611 2936 793 3012 possedisti,
815 2952 928 3010 quaero
940 2950 994 2994 cur
1005 2935 1088 2995 bonu

67 3035 128 3079 non
145 3017 306 3091 venierint,
328 3035 382 3079 cur
396 3018 507 3079 caeleri
525 3036 693 3094 sponsores
709 3027 740 3080 et
755 3019 920 3081 creditores
935 3035 996 3078 non
1014 3035 1086 3079 con-

66 3101 212 3162 venerint
250 3104 384 3166 Nemone
403 3101 458 3163 luit
477 3103 525 3163 cui
546 3104 670 3164 deberet
690 3101 867 3175 Quinctius?
904 3101 1037 3163 Fuerunt
1057 3111 1088 3162 et

67 3186 239 3260 complures
256 3187 388 3260 luerunt,
409 3195 571 3260 propterea
584 3188 666 3262 quod
686 3187 718 3245 C.
733 3188 825 3245 irater
835 3185 1020 3262 aliquantum
1035 3201 1087 3245 ae
1121 3198 1124 3203 ·

67 3271 109 3330 ris
130 3267 220 3330 alieni
239 3269 411 3345 reliquerat.
444 3269 521 3342 Quid
535 3286 607 3345 ergo
625 3277 693 3330 est?
716 3269 861 3331 Homines
877 3278 961 3330 erant
975 3269 1012 3328 ab
1027 3269 1087 3329 hoc

69 3369 175 3425 omnes
194 3351 386 3426 alienissimi,
402 3361 433 3414 el
448 3353 486 3413 iis
501 3354 680 3414 debebatur=
696 3369 796 3427 neque
811 3363 910 3415 tamen
923 3352 1086 3428 quisquam

67 3435 209 3499 inventus
229 3447 276 3498 est
297 3444 357 3498 tarn
377 3435 518 3512 insignite
537 3436 693 3512 improbus
717 3437 769 3513 qui
785 3437 897 3500 violare
911 3437 942 3494 P.
958 3435 1087 3510 Quinctii
