2370 3780
248 259 255 277 ›
352 227 433 289 CAP.
447 234 578 291 ao-sa·
599 231 625 295 5·
639 234 770 291 85-93.
1044 222 1087 291 53

62 383 178 443 Verum
203 394 260 456 ego
274 372 413 442 ‘forsitan
437 388 563 456 propter
587 372 807 461 multitudinem
831 387 1025 457 patronorum
1055 381 1087 440 in

63 479 157 541 grege
172 463 366 527 adnumerata
381 472 411 523 tc
425 479 528 538 pugna
542 461 710 524 Cannensis
733 473 944 526 accusatorem
965 471 1012 523 sat
1031 463 1086 525 bo-

64 564 136 610 num
157 547 237 610 iecit.
283 546 396 608 Multos
408 562 518 608 caesos
534 563 595 608 non
610 547 652 608 ad
665 536 871 608 Trasimenum
891 550 1009 621 lacum,
1031 547 1089 607 sed

63 633 104 693 ad
120 631 282 694 Servilium
293 629 434 691 vidimus.
467 628 518 692 90.
541 631 612 702 Quas
624 633 737 692 illinon
750 639 794 692 cst
811 627 982 694 uulneratus
998 630 1088 704 scaro

62 713 218 792 Phrygio?
249 715 317 774 Non
340 728 473 776 necesse
494 723 543 776 est
563 731 670 776 omnes
691 720 930 777 commemorare
952 714 1087 787 Curtios,

62 799 192 871 Marios,
220 797 391 872 denique†
419 799 602 873 Mammeos,
624 815 705 875 quos
726 797 785 859 iam
807 809 893 861 aetas
916 816 935 859 a
961 796 1088 874 proeliis

62 882 223 955 avocabat,
237 890 393 965 postremo
400 883 550 944 Priamum
563 881 664 959 ipsum
679 898 794 957 senem,
805 883 978 955 Antistium,
996 897 1088 958 quem

63 983 127 1028 non
141 966 235 1026 modo
252 973 351 1038 aetas,
368 967 524 1029 sedetiam
540 968 625 1041 leges
636 982 774 1042 pugnare
786 967 995 1042 prohibebant.
1025 966 1088 1024 lam

62 1065 144 1126 quos
170 1064 260 1130 nemo
286 1058 413 1126 propter
442 1048 660 1131 ignobilitatem
679 1046 821 1112 nominat
842 1049 976 1112 sescenti
1000 1057 1088 1122 sunt,
1113 1120 1118 1131 ο

62 1131 119 1213 qui
133 1130 211 1193 inter
232 1132 359 1194 sicarios
380 1142 411 1195 et
435 1135 474 1194 de
493 1133 652 1194 veneficiis
673 1135 873 1195 accusabant:
897 1135 949 1211 qui
970 1148 1087 1203 omnes,

63 1216 148 1292 quod
169 1217 209 1276 ad
228 1233 276 1278 me
297 1213 417 1292 attinet,
440 1219 548 1278 vellem
568 1216 714 1278 viverent.
747 1217 825 1278 Nihil
847 1218 927 1279 enim
949 1217 1019 1277 mali
1041 1223 1089 1276 est

63 1315 157 1362 canes
171 1299 212 1360 ibi
227 1301 477 1376 quamplurimos
490 1317 577 1374 esse,
592 1300 644 1362 ubi
659 1301 798 1377 permulti
812 1301 996 1363 observandi
1011 1300 1087 1360 mul·
1105 1374 1108 1381 Ι

63 1392 157 1459 taque
172 1386 324 1446 servanda
344 1394 423 1446 sunt.
454 1383 505 1446 ot.
538 1386 668 1457 Verum,
683 1394 717 1457 ut
732 1384 782 1459 lit,
801 1379 895 1446 multa
915 1400 1011 1460 saepe
1033 1384 1087 1444 im

64 1467 262 1542 prudentibus
284 1467 517 1545 imperatoribus
536 1468 584 1528 vis
601 1469 670 1530 belli
687 1485 724 1530 ac
738 1469 827 1530 turba
845 1468 976 1549 molitur.
1011 1470 1088 1528 lium

63 1551 92 1612 is
106 1548 136 1635 in
151 1551 222 1635 aliis
233 1553 326 1613 rebus
341 1561 406 1612 erat
423 1559 607 1627 occupatus,
630 1551 688 1629 qui
701 1568 851 1612 summam
870 1567 973 1612 rerum
992 1549 1088 1610 adrni-

61 1634 223 1709 nistrubat,
239 1644 325 1696 erant
338 1636 452 1695 interea
465 1635 517 1712 qui
534 1635 787 1698 suisvulneribus
799 1636 1007 1706 mederentur3
1026 1633 1088 1709 qui,

43 1726 217 1797 ‚tamquam
241 1718 268 1778 si
289 1718 391 1780 offusa
412 1719 618 1796 reipublicae
639 1714 824 1796 sempiterna
843 1720 905 1781 nox
925 1727 1024 1792 esset,
1048 1717 1089 1779 ita

60 1803 190 1863 ruebant
210 1803 241 1862 in
255 1801 390 1864 tenebris
405 1803 568 1878 omniaque
585 1803 763 1866 miscebant.
795 1808 824 1866 Α
847 1803 958 1880 quibus
979 1803 1087 1874 miror,

60 1903 100 1947 ne
115 1887 199 1962 quod
213 1886 392 1948 iudiciorum
413 1895 497 1949 esset
515 1884 692 1962 vestigium,
712 1905 773 1949 non
796 1887 942 1949 subsellia
962 1883 1088 1963 quoque

60 1986 133 2030 esse
147 1971 323 2032 combustam
347 1988 417 2031 nam
436 1979 467 2031 et
484 1980 681 2032 accusatores
701 1980 732 2033 et
753 1972 871 2033 iudices
892 1973 1088 2051 sustulerunt.

60 2055 127 2114 Hoc
151 2053 304 2114 commodi
321 2064 383 2128 est,
410 2056 494 2130 quod
512 2056 554 2116 itu
567 2055 723 2128 vixerunt,
745 2058 779 2116 ut
793 2063 888 2116 testes
910 2070 1032 2128 omnes,
1061 2051 1089 2114 si

61 2136 227 2212 cuperent,
241 2134 412 2200 interlicere
428 2156 489 2200 non
511 2146 654 2214 possent:
676 2155 745 2198 nam
764 2139 837 2200 dum
858 2134 1014 2200 hominum
1036 2152 1088 2214 gc·

62 2237 121 2282 nus
151 2218 222 2292 erit,
252 2218 305 2297 qui
329 2230 454 2283 accuset
478 2239 533 2283 eos
559 2240 620 2283 non
647 2221 756 2283 deerit:
790 2223 863 2283 dum
884 2222 992 2283 civitas
1015 2221 1113 2293 erit,.

59 2301 173 2365 iudicia
192 2303 274 2365 fient.
317 2307 448 2382 Verum,
477 2313 511 2371 ut
538 2304 629 2382 coepi
650 2305 767 2378 dicere,
794 2312 825 2367 et
846 2305 990 2379 Erucius,
1011 2305 1088 2365 haec

48 2388 90 2448 *si
107 2386 233 2446 haberet
247 2387 278 2448 in
293 2405 403 2463 causa,
419 2405 499 2466 quae
510 2386 760 2462 commemoravi,
775 2397 883 2465 posset
897 2406 934 2450 ea
946 2387 1087 2465 quamuis

62 2469 116 2531 diu
136 2469 307 2544 dicere,‘et
328 2489 403 2550 ego,
425 2473 558 2546 iudices,
581 2488 719 2549 possum.
752 2473 815 2535 Sed
840 2473 871 2533 in
897 2473 998 2535 animo
1024 2480 1088 2544 est,

63 2554 323 2630 quemadmodum
348 2566 419 2618 ante
440 2557 518 2631 dixi,
540 2557 648 2619 leviter
670 2556 800 2619 transire
819 2574 857 2618 ac
877 2552 1086 2620 tantummodo

60 2635 267 2713 perstringere
282 2656 373 2700 unam
395 2657 548 2717 quamque
567 2656 647 2716 rem,
669 2649 702 2703 ut
723 2657 830 2702 omnes
851 2642 1017 2716 intelligant
1039 2654 1088 2700 me

59 2738 123 2782 non
137 2721 238 2782 studio
253 2738 415 2798 accusare,
431 2725 489 2786 sed
501 2725 604 2801 cilicio
620 2725 795 2787 defendere.
817 2725 948 2786 XXXIII.
964 2722 1015 2785 92.
1033 2723 1088 2784 Vi-

62 2805 121 2866 deo
147 2802 238 2880 igitur
259 2822 369 2868 causas
390 2823 462 2868 esse
487 2810 653 2882 permultas
676 2826 761 2884 quae·
776 2809 866 2870 istum
887 2809 1086 2883 impellerent

61 2888 231 2949 Videamus
247 2907 328 2950 nunc
351 2890 469 2969 ecquae
483 2892 612 2954 iactrltas
625 2892 813 2968 suscipiendi
827 2890 968 2952 maleficii
987 2890 1087 2953 luerit.

60 2969 120 3032 Ubi
135 2973 258 3034 occisus
272 2982 320 3034 est
336 2973 408 3035 Ser.
422 2974 575 3037 Roscius?
589 2978 714 3037 Romae.
748 2976 839 3051 Quid,
856 2984 902 3049 tu,
914 2975 1020 3050 Rosci,
1034 2974 1087 3036 ubi

60 3063 132 3117 tunc
145 3065 235 3118 erasi
255 3057 380 3117 Romae.
407 3059 522 3119 Verum
537 3057 610 3134 quid
621 3061 660 3120 ad
673 3067 758 3120 remi
772 3068 802 3121 et
812 3058 863 3130 alii
873 3058 967 3120 multi.
992 3059 1086 3134 Quasi

60 3154 142 3201 nunc
155 3137 187 3198 id
200 3151 308 3216 agatur
336 3142 405 3218 quis
431 3159 470 3203 ex
488 3150 570 3203 tanta
589 3143 779 3205 multitudine
798 3143 945 3205 occiderit
967 3159 1004 3204 aa
1023 3159 1092 3202 non·

60 3222 119 3284 hoc
135 3233 306 3299 quaeratur,
322 3242 401 3300 eum,
416 3225 595 3302 quiRomae
611 3227 651 3287 sit
663 3229 796 3302 occisae,
811 3236 913 3309 utrum
925 3227 989 3289 veri
1004 3225 1084 3286 simi-

59 3305 119 3369 lius
135 3307 175 3369 sit
188 3309 227 3369 ab
241 3325 279 3371 eo
294 3325 366 3370 esse
380 3311 529 3386 occisum,
545 3313 599 3390 qui
608 3311 765 3373 adsiduus
775 3309 1116 3382 bbbmpmffixmffi·

54 3389 157 3464 fumi,
171 3394 262 3453 31139
277 3408 330 3471 ⁶0,
344 3394 397 3475 qui
414 3399 521 3462 multis
536 3396 785 3462 annisRonnam
795 3391 931 3470 omrixnu
942 3378 1142 3439 osseam·

41 3469 125 3531 scrit.
148 3473 211 3543 93.
233 3480 320 3559 Age,
338 3501 426 3549 nunc
442 3495 598 3553 caeteras
612 3497 758 3568 quoque
769 3475 957 3541 iacmtates
973 3442 1168 3510 wffiffi‘
