2370 3780
385 193 776 269 cnP.a-a.'s.2o—ao.
1069 195 1089 262 l

61 355 154 416 bulac
184 352 333 419 maximae
367 351 464 428 signis
498 352 653 413 hominum
688 350 832 413 nobilium
862 348 1088 428 consignantur.

63 438 244 500 Disceditur.
283 436 422 497 Postulat
443 453 462 496 a
481 436 630 497 Burrieno
653 446 794 511 praetore
813 435 961 509 Naevius,
989 444 1022 498 ut
1050 454 1091 497 ex

63 524 163 583 edicto
186 523 268 583 bona
286 519 448 597 possidere
472 521 571 581 liceat.
612 521 705 581 lussit
729 521 811 581 bona
837 520 987 595 proscribi
1012 520 1088 591 eius,
1117 576 1122 586 ,

64 607 187 682 quicum
206 604 392 666 familiaritas
423 605 535 678 fuerat,
564 605 696 665 societas
720 613 798 677 erat,
824 604 965 664 adfinitas
985 604 1088 665 liberis

62 689 152 752 istius
176 690 255 750 vivis
276 687 378 747 divelli
400 689 594 749 nullomodo
615 696 743 764 poterat.
785 687 836 750 26.
859 686 924 761 Qua
944 704 1029 747 exre
1044 687 1088 747 in·
1137 688 1140 693 ’

62 773 156 848 telligi
174 773 264 834 facile
281 771 378 847 potuit
397 774 511 832 nullum
528 788 599 832 esse
621 772 755 833 officium
768 780 828 832 tam
841 778 980 832 sanetum
997 779 1088 846 atque

64 858 226 930 sollemne,
251 855 335 933 quod
349 871 410 916 non
426 855 552 917 avaritia
576 855 779 917 comminuere
793 873 829 915 ac
846 856 960 917 violare
983 856 1088 916 soleat.

61 940 181 1002 Etenim
198 938 227 1000 si
239 936 366 1023 veritate
379 938 524 1012 amicitia,
540 940 602 1000 fide
617 939 714 1000 societ
715 956 749 1001 as
757 939 829 1015 ,pie
831 948 891 1000 tate
910 938 1088 1016 propinqui-

61 1032 111 1085 tas
126 1024 249 1087 colitura
272 1039 402 1084 necesse
416 1033 463 1084 est
477 1023 550 1096 iste,
572 1023 624 1099 qui
641 1023 784 1097 amicum,
804 1022 936 1097 socium,
957 1023 1090 1083 adfinem

63 1109 145 1168 fama
159 1116 251 1182 atque
264 1108 392 1168 fortunis
409 1108 542 1182 spoliare
558 1114 686 1168 conatus
703 1117 764 1181 est,
787 1124 896 1167 vanarn
918 1125 952 1168 se
969 1116 999 1168 et
1018 1123 1087 1182 per·
1092 1117 1094 1122 ·

62 1191 208 1253 fidiosum
231 1188 261 1252 et
281 1190 406 1266 impium
429 1207 501 1252 esse
516 1192 653 1252 fateatur.
695 1188 745 1254 27
767 1192 901 1252 Libellos
918 1191 989 1252 Sex.
1005 1193 1088 1251 Alfe-

63 1291 138 1348 nus,
160 1275 389 1351 procuratorP.
408 1274 552 1348 Quinctii,
573 1274 727 1335 familiaris
751 1285 781 1337 et
800 1277 992 1351 propinquus
1015 1268 1088 1334 Sex

61 1358 184 1434 Naevii,
199 1357 314 1419 deiicit
332 1359 486 1419 servulum
501 1375 608 1435 unum,
625 1376 716 1444 quem
730 1346 789 1420 iste
800 1359 1017 1435 prehenderat,
1036 1359 1088 1418 ab·

44 1442 160 1503 ducit:
191 1441 355 1505 denunciat
373 1459 443 1502 sese
469 1428 695 1519 procuratorem
720 1459 805 1504 esse.
837 1443 927 1503 istum
956 1458 1089 1516 aequum

63 1541 135 1586 esse
155 1529 255 1586 famae
276 1525 467 1600 fortunisque
486 1528 518 1586 P
539 1527 667 1670 fQuinct⁰
649 1546 669 1586 ιι
637 1529 851 1589 tconsulere
875 1533 905 1585 et
924 1527 1089 1586 adventum

62 1608 130 1670 eius
152 1617 344 1684 exspectare.
380 1609 467 1682 Quod
490 1610 516 1671 si
539 1612 641 1671 faeere
658 1611 732 1672 nolit
746 1620 838 1686 atque
853 1609 1004 1670 imbiberit
1021 1608 1088 1669 eius

61 1692 144 1755 modi
164 1693 333 1754 rationibus
347 1692 432 1753 illurn
454 1695 492 1753 ad
508 1711 580 1755 suas
596 1695 795 1755 condiciones
811 1694 995 1770 perducere,
1017 1709 1089 1753 sese

61 1777 136 1837 nihil
151 1776 272 1853 precari
286 1786 329 1848 et,
346 1777 373 1837 si
389 1777 462 1853 quid
475 1794 567 1853 agere
581 1779 669 1851 velit,
690 1778 802 1839 iudicio
818 1779 993 1839 defendere.
1035 1775 1088 1838 28.

62 1861 146 1921 Haec
167 1863 240 1923 dum
259 1862 375 1921 Romae
399 1871 559 1936 geruntur,
587 1861 743 1934 Quinctius
769 1861 884 1923 interea
904 1860 1086 1932 contraius,

62 1945 329 2018 consuetudinem,
345 1944 445 2005 edicta
455 1954 629 2020 praetorum
640 1945 679 2007 de
695 1946 773 2006 saltn
785 1954 921 2022 agroque
936 1943 1087 2005 communi

61 2029 193 2098 ascrvis
209 2029 419 2089 communibus
435 2028 464 2087 vi
475 2029 653 2090 detruditur.
673 2031 738 2088 Vll.
754 2029 917 2102 Existima,
935 2027 1087 2103 C.Aquili,

61 2111 154 2172 modo
169 2121 200 2172 et
212 2112 330 2172 ratione
346 2112 445 2172 omnia
456 2112 727 2173 RomaeNaevium
742 2113 869 2188 fecisse,
886 2112 912 2173 si
922 2112 991 2185 hoc,
1004 2113 1087 2187 quod

61 2210 119 2269 pcr
137 2195 240 2256 literas
263 2195 351 2256 istius
373 2196 403 2256 in
419 2195 515 2256 Gallia
538 2205 657 2272 gestum
678 2205 739 2268 est,
761 2206 844 2257 recte
865 2205 957 2272 atque
978 2195 1085 2256 ordine

63 2279 174 2338 facturn
187 2277 316 2339 videtur.
339 2279 495 2355 Expulsus
509 2289 601 2355 atque
616 2280 730 2340 eiectus
746 2297 762 2339 e
779 2280 904 2354 praedio
921 2279 1086 2353 omnebus,

61 2369 189 2436 accepta
210 2362 321 2437 insigni
341 2362 465 2436 iniuria,
495 2364 629 2438 confugit
648 2364 688 2423 ad
709 2363 739 2422 C.
760 2363 901 2424 Flaccum
925 2363 1086 2439 imperato-

60 2461 142 2519 rem,
165 2445 217 2520 qui
237 2454 308 2507 tune
328 2456 392 2508 erat
412 2447 443 2507 in
464 2448 635 2521 provincia:
658 2463 762 2522 quem,
783 2457 815 2508 ut
835 2447 933 2523 ipsius
955 2447 1085 2523 dignitas

61 2528 178 2603 poscit,
193 2529 319 2590 honoris
334 2530 430 2604 gratia
445 2531 577 2592 nomino.
608 2531 638 2590 Is
655 2547 721 2589 eam
738 2549 908 2607 remquam
925 2531 1085 2590 vehemen-

60 2619 108 2673 ter
120 2611 341 2673 'vindicandam
361 2613 473 2689 putarit
500 2630 539 2674 cx
568 2613 699 2674 decretis
721 2615 787 2675 eius
811 2615 948 2691 poteritis
972 2630 1085 2688 cogno·

62 2710 160 2756 scere.
203 2694 253 2756 29.
274 2697 404 2757 Alfenus
428 2696 543 2757 interea
557 2699 672 2759 Romae
688 2715 755 2759 cum
771 2698 830 2759 isto
846 2699 1012 2773 gladiatore
1031 2714 1084 2757 ve-

60 2779 123 2839 tulo
140 2777 252 2838 cotidie
269 2781 435 2855 pugnabat:
453 2781 593 2842 utebatur
608 2782 723 2858 populo
740 2799 814 2843 sane
829 2800 902 2853 suo,
921 2789 1085 2857 propterea

62 2863 145 2936 quod
160 2861 218 2922 iste
230 2873 321 2937 caput
336 2874 439 2939 petere
454 2882 514 2925 non
527 2866 696 2926 desinebat.
722 2867 783 2926 Iste
801 2866 949 2941 postulat,
966 2874 999 2926 ut
1012 2882 1084 2941 pro-

61 2954 182 3006 curator
201 2945 364 3008 iudicatum
386 2948 464 3008 solvi
489 2948 664 3010 satisdaret:
693 2958 783 3024 negat
802 2950 929 3009 Alfenus
953 2965 1084 3024 aequum

61 3043 133 3089 esse
150 3039 376 3103 procuratorem
393 3031 570 3103 satisdare,
595 3035 678 3109 quod
692 3050 763 3095 reus
779 3032 853 3093 satis
869 3033 942 3092 dare
956 3050 1017 3094 non
1031 3033 1083 3092 de-

60 3111 162 3184 beret,
183 3112 210 3171 si
224 3110 293 3188 ipsc
308 3115 441 3176 adesset.
468 3117 669 3190 Appellantur
684 3116 808 3176 tribuni:
830 3133 848 3174 a
866 3116 1083 3191 quibusquam

61 3203 145 3256 essct
159 3203 272 3256 certum
289 3198 434 3258 auxilium
450 3199 591 3275 petitum,
608 3199 649 3260 ita
663 3209 724 3260 tum
740 3199 919 3272 disceditur,
934 3209 968 3261 ul
982 3199 1083 3260 idibus

61 3275 290 3355 Septembribus
301 3279 333 3339 P.
345 3281 514 3356 Quinctium
527 3282 594 3343 sisti
606 3280 677 3342 sex.
692 3284 820 3344 Alfenus
832 3284 1028 3359 promitteret.

143 3362 223 3423 Vlll.
251 3363 344 3426 Venit
355 3367 482 3426 Romam
499 3365 670 3440 Quinctius:
693 3367 896 3427 vadimonium
915 3366 1002 3428 sistit.
1030 3363 1091 3434 30„

61 3442 132 3521 Iste,
144 3446 235 3510 horno
249 3447 423 3525 acerrimus,
436 3452 586 3513 bonorum
598 3445 1103 3528 possessor,casanatensem}
1114 3505 1123 3511 ,x
