2370 3780
108 191 150 255 28
197 187 675 264 rnor.Qu1rtcT100ntT10.
716 187 797 249 CAP.
811 195 855 250 31.
873 194 900 255 §-
915 195 1045 252 96-99.

107 349 183 405 rent.
232 340 283 406 97.
304 340 444 417 Denique
469 339 567 417 ipsius
595 338 708 401 inimici
722 342 849 401 ‘vultum
877 341 1132 416 superbissimum

109 426 214 489 subiit:
245 425 342 503 ipsius
364 425 435 486 Sex.
457 424 563 485 Naevii
583 426 744 485 lacrimans
767 441 887 484 manum
913 424 1074 501 prehendit
1101 430 1131 490 in

100 509 350 586 propinquorum
367 509 456 571 bonis
470 507 699 583 proscribendis
720 508 927 569 exercitatam:
957 511 1132 574 obsecravit

107 611 165 670 per
183 594 282 655 fratris
307 592 354 654 sui
376 591 485 665 mortui
507 591 655 665 cinerem,
677 607 733 666 per
754 608 864 652 nornen
885 593 1130 669 propinquitatis,

108 695 166 754 per
180 677 277 753 ipsius
298 675 460 751 coniugem
474 684 506 735 et
518 674 648 747 liberos,
670 675 780 750 qulbus
801 676 928 752 propior
940 676 972 735 P.
991 677 1131 750 Quinctio

107 776 198 822 nemo
216 768 278 834 est,
298 770 332 821 ut
352 757 518 834 aliquando
538 756 776 818 misericordiam
797 768 934 835 caperet,
955 760 1089 835 aliquam
1105 763 1131 823 si

67 886 69 897 ·
108 860 171 906 non
191 841 442 919 propinquitatis,
460 849 492 902 at
505 841 613 903 aetatis
634 857 724 915 suae,
746 840 773 901 si
788 859 849 902 non
864 843 1011 917 hominia,
1031 854 1062 905 at
1076 846 1131 906 hu-

108 926 258 988 manitatis
276 926 423 987 rationem
445 924 583 986 haberet:
607 932 641 985 ut
662 940 766 984 seeum
785 925 914 1000 aliquid,
935 926 1052 1003 integra
1074 945 1133 990 sua

108 1014 204 1085 lama,
220 1010 369 1085 qualibet,
384 1009 547 1071 dummodo
565 1008 730 1080 tolerabili,
745 1008 926 1070 condicione
941 1011 1131 1087 transigeret.

107 1095 159 1158 tte.
179 1095 227 1154 Ab
243 1094 313 1170 ipso
327 1093 519 1168 repudiatuS,
544 1092 582 1152 ab
596 1091 702 1152 amicis
718 1090 784 1153 eius
800 1109 859 1153 uon
879 1094 1071 1171 sublevatus,
1092 1097 1131 1156 ab

107 1178 191 1240 omni
212 1176 388 1253 magistratu
406 1175 536 1251 agitatus
555 1184 648 1250 atque
662 1175 840 1251 perterritus
859 1193 950 1252 quem
964 1187 1085 1253 praeter
1102 1188 1131 1240 te

108 1262 244 1338 appellet
263 1262 354 1322 habet
368 1259 534 1320 neminem:
554 1258 674 1331 tinisa,
696 1258 749 1319 tibi
765 1276 838 1339 spus
855 1277 962 1321 omnes
978 1279 1056 1338 opes
1071 1264 1131 1324 lor-

107 1354 259 1419 tunasque
271 1344 476 1405 commendat:
492 1342 545 1405 tibi
559 1341 715 1404 committit
730 1343 981 1404 existimationem
997 1352 1033 1407 ac
1045 1363 1132 1423 spem

107 1429 244 1504 reliquae
258 1428 349 1489 vitae.
363 1426 478 1488 *Multis
492 1435 622 1487 vexatus
634 1427 839 1501 contumeliis,
853 1427 991 1502 plurimis
1002 1429 1132 1492 iactatus

107 1510 240 1583 iniuriis,
256 1529 317 1573 non
332 1510 429 1587 turpis
446 1511 485 1570 ad
496 1519 540 1582 te,
557 1511 613 1570 sed
627 1509 720 1570 miser
735 1504 884 1585 confugit:
900 1529 918 1572 e
933 1513 1027 1576 iundo
1044 1531 1131 1575 orna·

107 1594 226 1657 tissimo
244 1594 396 1665 deiectus,
411 1593 583 1669 ignominiis
601 1591 741 1654 omnibus
756 1594 925 1670 appetitus,
942 1615 1035 1672 quum
1049 1595 1131 1660 illum

106 1678 138 1743 in
152 1679 217 1740 suis
229 1678 363 1755 paternis
377 1677 467 1738 bonis
479 1677 626 1738 dominari
643 1677 772 1752 videret,
789 1679 857 1754 ipse
873 1679 953 1740 filiae
970 1680 1064 1741 nubili
1078 1684 1133 1744 do-

107 1772 168 1825 tem
179 1763 330 1823 conficere
345 1779 406 1822 uon
416 1769 539 1837 posset,
554 1761 625 1824 nihil
637 1761 768 1822 alienum
782 1771 881 1823 tamen
897 1763 959 1824 vita
973 1765 1134 1840 superiore

108 1845 269 1907 commisit.
305 1844 356 1906 99.
378 1847 483 1920 ltaque
497 1845 556 1906 hoc
570 1854 601 1906 te
618 1845 772 1920 obsecrat,
793 1846 823 1906 C.
839 1846 957 1921 Aquili,
977 1857 1024 1921 ut,
1041 1867 1133 1925 quum

108 1928 377 2004 existimationem,
396 1945 486 2005 quam
508 1928 698 1988 honestatem
717 1928 750 1988 in
768 1929 913 1990 iudicium
933 1939 1017 1991 tuum
1033 1949 1133 2008 prope

108 2021 177 2073 acta
199 2012 260 2073 iarn
273 2021 372 2074 aetate
387 2012 578 2087 decursaque
596 2013 706 2084 attulit,
729 2029 796 2072 eam
817 2015 906 2075 liccat
928 2013 956 2074 ei
971 2031 1078 2076 secum
1092 2032 1133 2076 ex

107 2096 250 2161 hocloco
267 2096 391 2169 efferre,
405 2113 443 2156 ne
459 2097 500 2169 is,
516 2096 554 2154 de
568 2095 655 2156 cuius
667 2096 769 2158 officio
784 2113 872 2157 nemo
887 2114 1030 2171 umquam
1046 2100 1132 2160 dubi·

107 2180 195 2251 tavit,
218 2179 409 2254 sexagesimo
425 2177 556 2252 denique
571 2195 651 2241 anno
668 2180 835 2252 dedecore,
856 2183 975 2242 macula
992 2183 1130 2258 turpissi-

107 2279 220 2338 maque
233 2262 397 2338 ignominia
411 2270 544 2336 notetur,
565 2279 604 2324 ne
618 2265 801 2325 omameotis
816 2263 882 2324 eius
904 2266 1043 2328 omnibus
1059 2266 1131 2327 Sex.

108 2347 241 2407 Naevius
263 2362 319 2422 pro
342 2345 450 2421 spoliis
472 2345 625 2420 abutatur,
649 2363 688 2407 nc
714 2363 770 2423 per
793 2356 822 2407 te
843 2350 919 2409 ierat
940 2350 1130 2424 quominus,

110 2445 191 2506 quoa
213 2429 394 2493 existimatio
420 2428 452 2490 P.
470 2428 640 2502 Quinctium
669 2446 768 2506 usque
792 2432 831 2491 ad
851 2441 1037 2494 senectutem
1060 2450 1131 2510 pro·

109 2513 212 2589 duxit,
225 2514 333 2575 eadem
347 2529 447 2589 usque
462 2513 501 2573 a'd
517 2529 625 2589 rogum
640 2521 854 2592 prosequatur.

517 2855 723 2868 -m-oe—-n
