2370 3780
433 188 793 255 CAP.1-—4.s.1—-10.
905 178 910 189 '
1083 185 1121 251 ld

102 341 179 417 vim,
205 339 390 416 diligentiam
411 340 680 415 auctoritatemque
702 340 814 401 habent
833 337 1009 400 adversaria
1031 355 1122 416 quam

102 428 236 500 tabulae,
259 425 333 500 quid
346 422 451 484 attinet
465 423 602 483 codicem
620 423 790 498 instituere,
811 422 1019 494 conscribere,
1042 422 1121 483 ordi·
1144 498 1147 504 Δ

102 526 173 569 nem
193 523 390 578 conservare,
416 506 579 566 memoriae
599 509 718 567 tradere
737 506 902 579 litterarum
923 513 1122 569 vetustatem?

102 592 165 652 Sed
188 592 215 653 si
236 593 320 666 quod
341 589 524 650 adversariis
545 589 618 649 nihil
645 590 810 662 credimus,
840 589 953 650 idcirco
982 587 1120 649 codicem

11 736 14 745 ,
101 675 235 735 scribere
255 673 452 747 instituimus,
475 675 559 748 quod
579 673 668 734 etiam
687 675 769 749 apud
793 690 898 734 omnes
913 675 981 733 leve
995 680 1026 732 et
1039 670 1120 731 indr-

101 776 181 819 mum
197 769 259 831 est,
287 757 319 816 id
339 758 422 831 apud
438 756 568 817 iudicem
585 773 677 832 grave
692 766 722 817 et
737 766 874 818 sanctum
889 773 960 816 esse
975 757 1121 816 duceturt

101 839 130 904 7.
149 841 228 915 ,Quid
257 848 304 900 est
325 841 407 914 quod
427 841 613 916 negligenter
635 840 803 901 scribamus
823 839 1021 900 adversaria?
1046 838 1120 913 quid

100 933 148 986 est
176 924 260 999 quad
283 923 440 997 diligenter
464 923 661 984 conficiamus
688 924 826 985 tabulast
854 941 914 999 qua
941 924 979 982 de
1006 928 1120 982 causat

100 1008 176 1082 Quia
189 1008 264 1066 haec
283 1015 352 1066 sunt
365 1015 533 1077 menstrua,
550 1006 619 1066 illae
634 1015 703 1068 sunt
717 1016 871 1067 aeternae:
890 1009 966 1067 haec
982 1006 1120 1065 delentur

99 1091 215 1161 statim,
235 1090 304 1150 illae
325 1099 483 1151 servantur
503 1099 622 1149 sancte:
647 1090 723 1150 haec
742 1092 828 1165 parvi
844 1089 989 1166 temporIs
1005 1104 1118 1150 memo-

97 1174 188 1246 riam,
204 1173 273 1232 illae
287 1182 453 1249 perpetuae
468 1172 699 1233 existimationis
714 1174 806 1233 fidem
820 1183 849 1234 et
863 1173 1041 1249 religionem
1056 1188 1117 1232 am—

97 1258 282 1332 plectuntur:
302 1257 378 1317 haec
401 1266 471 1318 sunt
490 1256 623 1328 deiecta,
646 1258 714 1317 illae
737 1256 767 1315 in
789 1257 924 1318 ordinem
951 1257 1118 1317 conlectae.

98 1343 204 1415 ltaque
218 1340 394 1400 adversaria
413 1339 444 1399 in
465 1339 610 1400 iudicium
629 1339 752 1416 protulit
769 1357 870 1400 nemo:
893 1339 1030 1400 codicem
1047 1355 1117 1414 pro-

97 1423 178 1496 tulit,
194 1424 311 1484 tabulas
325 1423 472 1484 recitavit.
515 1423 564 1482 lll.
592 1425 652 1498 Tu,
676 1424 707 1484 C.
721 1423 807 1499 Piso,
828 1423 879 1484 tali
901 1424 976 1495 lide,
998 1422 1116 1496 virtute,

97 1506 257 1582 gravitate,
280 1506 457 1567 auctoritate
480 1515 602 1567 ornatus
625 1524 664 1567 ex
683 1507 867 1567 adversariis
883 1505 1044 1582 pecuniam
1064 1521 1118 1580 pe·

95 1600 160 1650 tere
180 1606 240 1650 non
261 1592 401 1650 auderes.
429 1590 459 1652 8.
483 1591 564 1664 Ego,
587 1607 666 1664 quae
689 1592 770 1650 clara
791 1598 861 1675 sunt
887 1587 1117 1661 consuetudine,

83 1671 209 1735 ‘diutius
225 1673 326 1733 dicere
341 1690 402 1733 non
414 1674 526 1733 debeo:
539 1674 613 1735 illud
623 1690 713 1749 vero,
729 1675 812 1749 quod
826 1675 866 1733 ad
879 1691 944 1733 rem
954 1673 1116 1741 vehemen-

95 1765 142 1817 ter
163 1757 306 1833 pertinet,
330 1774 457 1832 quaera:
482 1775 573 1832 quam
593 1756 710 1832 pridem
732 1759 791 1819 hoc
811 1775 936 1828 nomen,
958 1755 1067 1829 Fanni,
1085 1754 1117 1814 in

96 1841 272 1900 adversaria
286 1840 446 1901 rettulisti?
465 1875 501 1884 -
527 1841 702 1916 Erubescit,
718 1842 792 1917 quid
809 1841 996 1916 respondeat
1009 1837 1116 1912 nescit,

97 1923 171 1997 quid
191 1925 284 1998 lingat
305 1926 456 1999 extemplo
481 1942 542 1986 non
562 1925 663 1985 habet.
676 1959 720 1970 —-
741 1924 818 1985 Sunt
831 1925 892 1985 duo
909 1940 1032 1984 menses
1047 1922 1116 1994 iam,

97 2005 192 2067 dices.
205 2040 249 2051 —
262 2009 373 2067 Tamen
395 2007 424 2066 in
446 2009 583 2069 codicem
602 2017 761 2085 acceptum
775 2017 805 2068 et
824 2024 993 2083 expensum
1010 2005 1116 2066 referri

95 2088 207 2148 debuit.
227 2090 366 2164 Amplius
382 2098 451 2151 suut
463 2108 519 2152 sex
531 2109 662 2160 menses.
685 2092 743 2152 Cur
757 2097 816 2150 tam
829 2092 880 2150 diu
895 2090 975 2150 iacet
988 2090 1047 2150 hoc
1061 2105 1134 2150 no·-

95 2188 164 2231 men
180 2173 210 2231 in
225 2173 430 2234 adversariis?
458 2175 534 2247 Quid
555 2176 581 2235 si
596 2177 717 2236 andem
731 2175 860 2250 amplius
875 2172 1033 2234 triennium
1048 2179 1116 2233 estt

97 2272 159 2330 quo
174 2257 281 2328 modo,
303 2275 393 2331 quum
409 2274 531 2331 omnes,
553 2257 605 2333 qui
620 2259 736 2319 tabulas
752 2257 929 2329 conficiant,
944 2264 1115 2316 menstruas

26 2346 36 2362 ⁶
94 2355 194 2413 paene
207 2337 339 2400 rationes
353 2341 384 2401 in
403 2341 520 2401 tabulas
535 2343 733 2414 transierant,
754 2349 786 2401 tu
807 2341 866 2401 hoc
887 2357 999 2400 nornen
1022 2337 1112 2400 trien-

94 2421 178 2482 nium
193 2421 322 2496 amplius
342 2425 373 2484 in
391 2423 574 2484 adversariis
595 2424 694 2484 iacere
709 2423 842 2500 paterist
876 2423 904 2484 9.
925 2424 1031 2484 Utrum
1046 2438 1110 2482 cae·

95 2514 160 2566 tera
174 2505 297 2565 nomina
309 2505 340 2566 in
356 2507 493 2569 codicem
508 2507 627 2582 accepti
643 2515 673 2568 et
684 2507 814 2582 expensi
829 2507 947 2582 digesta
961 2506 1057 2566 habes
1073 2521 1112 2565 an

93 2595 178 2648 nant
204 2588 328 2662 Sinon,
350 2607 411 2666 quo
432 2591 522 2651 modo
537 2591 655 2650 tabulas
671 2590 818 2651 conficis?
838 2589 865 2650 si
882 2590 986 2663 etiam,
1009 2605 1112 2664 quam-

94 2672 215 2746 obrem,
242 2691 335 2747 quum
360 2683 479 2734 caetera
501 2673 624 2734 nomina
646 2674 675 2733 in
698 2675 833 2734 ordinem
852 2673 1022 2744 referebas
1053 2672 1112 2732 hoc

94 2771 205 2816 nomen
226 2755 355 2817 triennio
376 2758 522 2832 amplius,
545 2758 629 2832 quod
650 2765 713 2818 erat
735 2757 764 2816 in
784 2756 889 2832 primis
910 2772 1067 2830 magnum,
1081 2754 1112 2815 in

93 2838 279 2899 adversariis
300 2839 569 2914 relinquebasl—
595 2841 727 2901 Nolebas
748 2839 819 2901 sciri
840 2841 952 2901 debere
977 2839 1030 2900 tibi
1050 2840 1111 2899 Ro-

94 2921 206 2982 scium:
222 2939 276 2982 cur
291 2922 468 2985 scribebas?
480 2958 524 2969 —
536 2926 672 2999 Rogatus
688 2941 771 2999 eras,
792 2940 832 2985 ne
851 2925 997 2985 referres:
1013 2940 1066 2983 cur
1079 2921 1112 2982 in

94 3005 278 3065 adversariis
295 3006 439 3082 scriptum
452 3008 609 3068 habebas?
809 3074 812 3087 ,

177 3087 240 3148 Sed
254 3089 329 3149 haec
345 3108 529 3167 quamquam
540 3092 626 3151 firma
637 3106 707 3152 esse
721 3089 828 3162 video,
844 3098 943 3150 tamen
960 3087 1028 3164 ipse
1040 3086 1112 3148 milri

94 3170 169 3232 satis
187 3173 287 3232 lacere
302 3190 362 3233 non
377 3191 519 3248 possum,
537 3174 595 3235 nisi
610 3192 629 3235 a
647 3174 677 3234 C.
692 3173 807 3240 Fannio
824 3172 893 3249 ipso
909 3172 1111 3233 testimonium

94 3272 197 3330 sumo,
212 3255 289 3316 hanc
305 3257 465 3331 pecuniam
481 3258 508 3317 ei
523 3275 584 3319 non
599 3257 712 3319 deberi.
740 3252 882 3332 Magnum
898 3254 1041 3328 estquod
1059 3269 1109 3311 co-

93 3355 163 3408 nor,
181 3338 304 3399 difficile
324 3341 474 3418 estquod
491 3342 655 3420 polliceor.
679 3340 753 3402 itis:
774 3339 925 3400 eumdem
940 3334 1135 3390 stabam

81 3418 158 3479 rium
175 3430 205 3483 et
226 3431 336 3489 testem
354 3425 679 3507 tiabuemltosctus,
691 3427 773 3489 nolu
788 3423 917 3483 uincat-
945 3411 994 3463 W
1008 3393 1168 3460 Am*
