2370 3780
240 228 243 233 ·
350 210 561 271 CARS-tt-
582 215 609 276 s.
622 216 755 272 24-31.
1024 208 1065 275 lt)

44 364 130 440 priuis
146 362 253 423 luisset
265 361 380 423 Fannii.
408 359 546 434 Largitus
567 368 613 420 est
636 361 752 420 scilicet
770 361 861 422 homo
882 360 1015 422 liberalis
1036 371 1066 422 et

44 449 213 508 dissolutus
234 455 264 506 et
283 444 416 505 bonitate
435 443 575 503 adfluens
596 443 728 505 Fannius
752 445 887 506 Roscio?
917 444 967 504 Sic
982 455 1065 518 puto.

43 532 95 594 28.
108 531 254 606 Quoniam
264 530 314 587 ille
325 527 375 586 hic
387 527 518 587 constitit
528 527 710 603 paullisper,
723 527 794 586 mihi
807 543 1066 604 quoquenecessc

45 623 94 675 est
106 617 240 692 paullum
252 611 443 672 commorari,
463 610 634 686 Panurgum
644 619 691 683 tu,
705 611 813 684 Saturi,
824 611 981 688 proprium
987 611 1064 671 Fan-

43 699 85 758 nii
102 699 178 758 dicis
196 697 301 770 luisse.
329 697 370 755 At
386 710 443 769 ego
458 702 552 754 toturn
565 695 671 756 Roscii
687 694 781 755 luisse
799 696 958 755 contendo.
988 694 1065 767 Quid

44 783 203 842 eratenim
219 778 347 839 Fannii?
369 794 491 853 corpus.
521 778 599 851 Quid
613 778 739 839 Roscii?
760 777 930 853 disciplina.
957 778 1064 838 Facies

43 881 104 926 non
116 872 188 936 erat,
202 880 252 922 ars
265 870 328 922 erat
338 862 489 937 preciosa.
505 863 552 920 Ex
564 879 624 937 qua
635 871 720 937 parte
732 862 917 933 eratFannii,
931 878 991 922 non
1000 871 1065 922 erat

42 949 92 1008 HS
109 966 187 1008 raon:
209 963 248 1005 ex
263 963 324 1019 qua
339 954 427 1019 parte
442 955 505 1005 erat
517 945 636 1019 Roscii,
652 946 781 1020 amplius
798 953 862 1006 erat
874 945 925 1005 HS
941 962 1063 1007 coctano.

41 1033 136 1092 Nemo
153 1029 233 1089 enim
252 1029 333 1088 illum
349 1047 388 1088 ex
402 1038 508 1089 trunco
527 1028 663 1103 corporis
681 1031 853 1105 spectabat,
871 1030 979 1090 sodex
994 1029 1062 1090 arti-

41 1115 112 1174 ficio
136 1114 253 1173 comico
274 1113 461 1172 aestimabat.
494 1113 568 1172 Nam
593 1113 643 1173 illa
663 1114 798 1173 membra
818 1129 934 1174 merere
955 1129 1012 1190 per
1029 1129 1063 1172 se

41 1215 103 1257 nort
120 1196 248 1271 amplius
263 1205 403 1271 poterant
417 1196 578 1256 duodecim
593 1198 687 1256 aerisz
702 1196 879 1271 disciplina,
902 1213 981 1272 quae
999 1205 1064 1256 erat

42 1282 81 1342 ab
97 1281 155 1340 hoc
169 1279 293 1354 tradita,
307 1281 427 1343 locabat
441 1296 476 1340 se
487 1296 547 1338 non
566 1279 664 1340 minus
682 1279 731 1338 HS
749 1297 873 1343 coctano.
902 1280 951 1341 29.
974 1279 1062 1341 Oso-

41 1364 180 1424 cietatem
192 1363 358 1438 captiosam
369 1371 399 1422 et
409 1361 630 1438 indignamubi
641 1364 772 1424 alterHS
780 1380 853 1435 tono,
866 1365 1061 1424 alteroccmoo

42 1449 127 1523 quod
148 1446 187 1506 sit
202 1446 232 1505 in
250 1445 427 1506 societatem
447 1447 557 1507 adfert:
582 1446 642 1507 nisi
661 1447 774 1508 idcirco
795 1447 922 1507 moleste
937 1446 1062 1521 pateris,

42 1532 126 1607 quod
141 1528 190 1589 HS
208 1546 269 1592 moa
287 1538 319 1589 tu
341 1546 379 1588 ex
397 1546 469 1589 arca
487 1531 681 1604 proferebas,
705 1530 755 1591 HS
779 1533 903 1593 cocrooo'
915 1547 954 1590 ex
971 1529 1061 1588 disci-

42 1615 123 1689 plina
140 1622 169 1673 et
186 1613 312 1673 artificio
329 1613 461 1673 Roscius
477 1615 641 1688 promebat.
671 1614 765 1688 Quam
782 1614 860 1674 enim
877 1630 941 1673 rem
959 1620 988 1673 et
1009 1629 1061 1672 cx-

41 1697 274 1773 spectationem,
288 1698 371 1770 quod
384 1696 516 1757 studium
528 1707 558 1757 et
570 1714 658 1772 quem
671 1699 805 1758 lavarem
817 1713 921 1757 secum
933 1697 963 1756 in
976 1712 1061 1757 scae-

40 1799 110 1841 nam
124 1781 222 1841 attulit
233 1780 412 1853 Panurgus?
433 1781 521 1853 Quod
535 1781 640 1842 Roscii
662 1782 717 1842 luit
738 1782 931 1856 discipulus·
946 1780 1002 1854 Qui
1016 1779 1060 1840 di-

40 1865 172 1939 ligebant
186 1864 282 1938 hunc,
303 1864 345 1923 illi
369 1865 528 1924 favebant:
551 1864 602 1938 qui
616 1865 839 1925 adnrirabantur
860 1864 957 1936 hunc,
978 1863 1062 1924 illum

40 1948 224 2022 probabant:
249 1947 300 2022 qui
322 1947 453 2021 denique
470 1948 560 2009 huius
575 1965 685 2008 nornen
703 1949 872 2021 audierant,
896 1947 979 2007 illurn
994 1964 1060 2007 eru·
1130 2018 1133 2023 Δ

41 2031 136 2090 ditum
151 2039 180 2089 et
195 2030 361 2104 perlectum
385 2031 604 2093 existimabant.
637 2031 688 2092 Sic
711 2041 758 2092 est
779 2035 902 2106 vulgus:
923 2047 963 2091 ex
983 2031 1061 2090 veri-

40 2122 101 2174 tate
118 2129 231 2187 pauca,
247 2130 284 2188 en
302 2114 446 2188 opinione
459 2118 552 2176 multa
565 2115 713 2177 aestimat.
742 2114 792 2177 30.
808 2115 885 2189 Quid
901 2113 993 2174 sciret
1010 2114 1060 2173 ille

40 2199 187 2272 perpauci
201 2196 492 2259 animadvertebant:
507 2199 560 2259 ubi
576 2199 732 2260 didicisset
743 2215 849 2259 omnes
865 2197 1059 2273 quaerebant.

39 2280 118 2340 Nihil
136 2281 174 2339 ab
195 2280 253 2340 hoc
270 2298 398 2356 pravum
421 2291 452 2342 et
471 2299 650 2357 perversum
670 2281 798 2358 produci
819 2298 915 2357 posse
935 2279 1060 2341 arbitra-

40 2365 158 2424 bantur.
188 2363 219 2422 Si
239 2365 351 2427 veniret
371 2365 408 2426 ab
425 2364 557 2438 Statilio,
572 2366 691 2428 tametsi
710 2365 836 2427 artificio
846 2363 991 2427 Roscium
1009 2378 1060 2424 su-

40 2454 175 2522 peraret,
196 2448 334 2521 aspicere
349 2465 436 2509 nemo
449 2459 565 2523 posset.
593 2451 686 2510 Nemo
700 2449 793 2521 enirn,
810 2449 888 2510 sicut
899 2464 938 2508 ex
948 2448 1059 2522 impro-

39 2532 80 2594 bo
98 2540 184 2604 patre
198 2532 325 2605 probum
340 2533 435 2593 lilium
447 2533 548 2607 nasci,
572 2533 617 2593 sic
640 2549 680 2592 ex
696 2533 830 2609 pessimo
845 2531 991 2593 histrione
1004 2531 1059 2592 bo-

40 2631 111 2673 num
135 2616 313 2676 comoedum
334 2617 399 2677 fieri
421 2632 516 2691 posse
544 2615 738 2677 existimaret.
778 2616 854 2690 Quia
877 2614 1018 2676 veniebat
1042 2631 1061 2674 a

39 2698 169 2769 Roscio,
185 2700 254 2772 plus
270 2700 359 2760 etiam
374 2701 452 2760 scire
469 2717 559 2776 quam
578 2699 695 2760 sciebat
708 2699 875 2761 videbatur.
903 2698 954 2758 Xl.
972 2698 1059 2771 Quod

39 2779 111 2841 item
125 2797 223 2855 nuper
237 2781 266 2840 in
280 2783 371 2845 Erote
388 2784 535 2844 comoedo
551 2801 610 2844 usu
625 2784 721 2844 venit:
746 2783 797 2859 qui
814 2791 923 2858 postea
937 2797 1060 2857 quante

40 2880 154 2923 scaena
167 2880 229 2923 non
250 2867 340 2928 modo
361 2868 472 2941 sibilie,
494 2869 549 2927 sed
569 2867 812 2929 etiam-convicio
828 2865 1057 2941 explodebatur,

41 2946 119 3006 sicut
135 2946 166 3006 in
181 2964 262 3008 aram
280 2951 415 3026 confugit
428 2951 459 3011 in
476 2950 567 3012 huius
585 2953 722 3025 domum,
737 2950 943 3025 disciplinam,
957 2952 1057 3024 patro-

40 3029 167 3103 cinium,
182 3048 301 3091 nomen.
323 3035 429 3110 ltaque
440 3033 581 3109 perbrevi
594 3043 744 3108 tempore,
764 3033 867 3110 quine
882 3034 911 3091 in
927 3032 1057 3093 novissi-

39 3115 97 3173 mis
113 3115 235 3188 quidem
249 3114 536 3190 erathistrionibus,
550 3118 589 3181 ad
605 3120 719 3193 primos
732 3116 870 3193 pervenit
881 3116 1056 3193 comoedos.

37 3196 88 3260 31.
112 3197 262 3270 Quaeres
277 3201 383 3262 extulit
397 3208 487 3263 sumt
507 3202 574 3262 Una
588 3201 809 3270 commendatio
824 3200 929 3260 huius:
947 3198 999 3275 qui
1015 3208 1056 3260 ta-

37 3297 106 3342 men
123 3281 293 3358 Panurgum
306 3284 405 3358 illum,
424 3303 484 3346 non
502 3287 601 3346 solum
615 3294 647 3346 ut
660 3284 764 3345 Roscii
778 3283 949 3356 discipulus
961 3281 1064 3339 tuisse

37 3363 201 3438 diceretur,
228 3367 350 3444 domum
370 3369 504 3448 recepit,
526 3370 588 3433 sed
609 3369 706 3432 ettam
724 3380 851 3429 summo
872 3378 952 3419 eam
960 3359 1098 3430 nassae,
1117 3405 1130 3432 N,

37 3449 184 3510 stornacbo
196 3451 536 3532 miseriaqueerudiit.
552 3458 640 3521 llam
652 3471 720 3534 quo
731 3451 879 3528 autenm
888 3428 1151 3527 RSWQQ„
