2370 3780
353 209 435 290 cap.
450 216 581 271 ao-aa.
602 215 628 276 s.
642 215 773 273 57—64.
1056 205 1097 271 45

72 378 141 424 sare
157 364 234 423 ultro
253 370 283 423 et
299 360 374 423 citro
394 377 455 421 non
478 359 672 436 destiterunt,
695 361 804 433 credo,
830 356 882 435 qui
897 360 1096 438 Chrysogono

71 445 249 508 nunciarent
269 461 340 506 esse
360 444 492 520 aliquem
512 444 542 504 in
563 444 684 505 civitate
708 443 760 518 qui
782 453 888 505 contra
911 445 1096 505 voluntatem

72 530 140 591 eius
154 529 255 590 dicere
270 530 411 590 auderet:
426 527 513 588 aliter
527 542 650 588 causam
665 527 714 602 agi
724 533 817 602 atque
831 527 881 587 illc
896 526 1096 588 existimaret:

71 612 183 689 aperiri
209 613 360 674 bonorum
384 611 581 686 emptionem:
609 610 715 671 vexari
737 609 875 686 pessime
902 610 1093 673 societatem:

71 695 197 772 gratiam
215 695 443 773 potentiamque
464 694 530 755 eius
546 695 673 770 negligi:
695 694 814 755 iudices
828 694 986 768 diligenter
1000 702 1096 755 atten-

71 781 159 840 dere:
187 781 302 855 populo
323 795 386 838 rem
406 778 559 853 indignam
580 777 684 838 videri.
728 777 778 840 61.
800 777 883 851 Quae
904 778 1046 853 quoniam
1066 785 1095 838 te

72 865 256 934 fefellerunt,
271 862 376 935 Eruci,
392 861 596 938 quoniamque
606 863 694 923 vides
710 878 801 922 versa
815 878 886 923 esse
900 861 1009 935 omnia,
1024 877 1095 927 can·

71 964 137 1008 sam
152 963 208 1023 pro
221 944 292 1004 Sex.
303 945 436 1018 Roscia,
451 946 477 1006 si
492 963 553 1006 non
568 947 743 1018 commode,
758 953 789 1005 al
802 945 896 1006 libere
911 945 986 1018 dici,
1005 962 1095 1020 quem

71 1030 142 1090 dedi
163 1028 309 1104 putatas,
335 1027 457 1089 delendi
478 1028 635 1104 intelligiS,
655 1046 734 1104 quos
753 1030 915 1091 tradituros
937 1029 1094 1105 sperabas,
1147 1057 1150 1068 ·

72 1113 160 1174 vides
174 1112 322 1187 iudicare,
343 1112 469 1174 restitue
483 1113 572 1173 nobis
587 1111 751 1188 aliquando
767 1121 900 1174 veterem
916 1122 998 1173 luam
1013 1113 1096 1174 illam

71 1197 265 1257 calliditatem
281 1204 371 1272 atque
385 1195 592 1272 prudentiam,
607 1195 752 1256 confitere
767 1196 825 1257 huc
838 1213 876 1256 ea
891 1214 946 1273 spe
960 1197 1095 1270 venisse,

71 1280 158 1357 quod
178 1288 300 1354 putares
319 1280 368 1339 iric
388 1279 592 1353 latrocinium,
620 1297 681 1340 non
703 1278 846 1341 iudicium
867 1280 1008 1341 futurum.
1049 1282 1095 1341 Dc

70 1362 233 1440 parricidio
249 1380 343 1424 causa
358 1362 481 1423 dicitur:
498 1362 574 1425 ratio
592 1363 630 1422 ab
644 1371 823 1425 accusatore
837 1364 956 1425 reddita
969 1381 1031 1426 non
1047 1372 1096 1424 est

72 1464 163 1524 quam
187 1447 226 1507 ob
248 1462 372 1508 causam
395 1446 608 1521 patremfilias
624 1446 777 1508 occiderit.
819 1446 870 1510 62.
893 1447 980 1521 Quod
993 1448 1024 1508 in
1040 1448 1094 1507 mi-

70 1530 159 1592 nimis
173 1530 274 1595 noxiis
288 1538 318 1591 et
331 1530 361 1590 in
376 1530 423 1590 his
438 1530 602 1592 levioribus
617 1529 767 1606 peccatis,
780 1547 859 1606 quae
872 1530 969 1606 magis
988 1532 1095 1592 crebra

71 1623 102 1676 et
123 1613 183 1674 iam
203 1630 300 1700 prope
320 1612 472 1674 cotidiana
492 1622 577 1687 sunt,
597 1613 727 1675 maxime
742 1622 772 1675 et
785 1613 913 1689 primum
931 1614 1094 1689 quaeritur,

71 1712 150 1774 quae
165 1714 260 1759 causa
274 1696 413 1757 maleficii
433 1697 536 1772 luerit,
558 1697 590 1758 id
609 1697 736 1759 Erucius
756 1697 786 1757 in
810 1698 972 1774 parricidio
989 1697 1094 1774 quaeri

71 1799 133 1842 nou
156 1788 241 1858 putat
262 1789 419 1856 oportere:
445 1781 558 1857 inquo
581 1782 712 1855 scelere,
736 1781 870 1856 iudices,
895 1782 986 1842 etiam
1001 1799 1094 1858 quum

69 1867 180 1926 multae
195 1881 309 1926 causae
320 1863 504 1926 convenisse
517 1882 610 1926 unum
625 1863 655 1925 in
670 1867 770 1926 locum
781 1872 873 1941 atque
887 1865 964 1927 inter
975 1882 1010 1926 se
1021 1858 1092 1926 co‘n-

70 1965 179 2024 gruere
195 1949 349 2020 videntur,
364 1957 464 2009 tamen
480 1966 540 2009 non
556 1959 669 2010 temere
685 1949 817 2009 creditur
832 1965 931 2024 nequa
944 1949 1005 2009 levi
1021 1965 1092 2010 con·

69 2033 185 2092 iectura
198 2048 248 2092 res
263 2032 405 2107 penditur
418 2048 518 2108 neque
533 2034 618 2094 testis
633 2032 765 2093 incertus
780 2032 901 2094 auditur
921 2049 1022 2108 neque
1042 2049 1092 2093 ac-

71 2115 221 2176 cusatoris
233 2116 353 2190 ingenio
368 2133 418 2176 res
433 2115 590 2177 iudicatur.
612 2116 709 2190 Quum
723 2117 815 2176 multa
829 2125 918 2177 antea
930 2115 1094 2177 commissa

69 2198 232 2271 maleficia,
260 2216 353 2274 quum
373 2199 435 2261 vita
455 2199 585 2260 hominis
604 2199 827 2276 perditissima,
848 2208 911 2261 tum
931 2199 1093 2274 singularis

70 2282 198 2342 audacia
219 2281 395 2344 ostendatur
415 2299 544 2344 necesse
564 2292 624 2356 est,
644 2301 744 2359 neque
759 2283 888 2344 audacia
901 2286 1014 2356 solum,
1037 2284 1094 2343 sed

71 2381 206 2426 summus
224 2366 307 2427 luror
318 2375 409 2442 atque
424 2368 563 2428 amentia.
583 2367 666 2427 Haec
683 2385 775 2451 quum
790 2367 849 2427 sint
863 2367 977 2441 omnia,
991 2375 1093 2427 tamen

70 2457 191 2510 exstent
206 2457 324 2524 oportet
337 2466 487 2526 expressa
504 2450 628 2511 sceleris
643 2450 785 2526 vestigia,
809 2449 875 2524 ubi,
892 2468 953 2526 qua
967 2451 1094 2521 ratione,

69 2549 127 2609 per
141 2549 234 2608 quos,
258 2550 319 2609 quo
335 2542 470 2609 tempore
484 2535 664 2594 maleficium
678 2534 717 2595 sit
731 2533 911 2602 admissum.¹
931 2535 1018 2616 'Quae
1033 2533 1093 2594 nisi

69 2616 162 2676 multa
174 2624 204 2676 et
214 2616 373 2678 manifesta
384 2626 467 2690 sunt,
483 2619 619 2692 proiecto
631 2635 680 2678 res
692 2626 751 2679 tam
764 2622 909 2694 scelesta,
923 2627 984 2678 tam
994 2626 1092 2690 atrox,

64 2709 130 2761 tam
151 2699 269 2760 nefaria
289 2701 372 2761 credi
392 2718 452 2761 non
478 2709 587 2775 potest.
622 2699 672 2765 63.
693 2703 804 2776 Magna
819 2710 866 2763 est
880 2702 959 2762 enim
974 2700 1021 2761 vis
1037 2701 1092 2762 hu-

70 2782 236 2844 manitatis:
265 2784 388 2845 multum
415 2787 495 2844 valet
523 2784 694 2845 communio
721 2785 892 2861 sanguinis:
926 2785 1094 2847 reclamitat

69 2865 267 2936 istiusmodi
293 2867 519 2942 suspicionibus
544 2867 612 2943 ipsa
640 2876 757 2928 natura:
798 2878 970 2945 portentum
999 2876 1092 2943 atque

69 2959 237 3010 monstrum
260 2949 460 3011 certissimum
482 2959 529 3011 est
549 2968 619 3012 esse
639 2951 771 3028 aliquem
790 2953 922 3013 humana
943 2951 1047 3028 specie
1062 2960 1094 3014 et

69 3033 181 3107 figura,
194 3033 246 3107 qui
257 3042 370 3094 tantum
378 3033 560 3095 immanitate
573 3035 687 3096 bestias
700 3035 817 3108 vicerit,
832 3045 866 3097 ut
876 3045 1000 3112 propter
1012 3052 1092 3110 quos

68 3117 149 3176 hanc
173 3115 386 3178 suavissimam
405 3121 503 3179 lucem
524 3120 692 3193 aspexerit,
715 3136 769 3181 eos
793 3118 1003 3194 indignissime
1021 3122 1092 3181 luce

69 3199 209 3276 privarit:
231 3216 323 3274 quum
344 3201 432 3262 etiam
456 3204 535 3262 ieras
549 3201 626 3261 inter
640 3218 710 3263 sese
725 3210 829 3277 partus
843 3211 935 3280 atquc
950 3204 1090 3265 educatio

70 3292 100 3345 et
113 3292 221 3344 natura
235 3283 304 3359 ipsa
319 3285 466 3346 conciliet
486 3286 588 3346 llllll.
604 3283 654 3347 64.
668 3287 734 3346 Non
748 3286 790 3348 ita
803 3288 903 3348 multis
918 3297 988 3348 ante
1001 3283 1090 3346 annis

70 3366 154 3428 aiunt
174 3368 207 3426 T.
229 3367 372 3429 tinellum
391 3370 555 3446 quemdam
573 3367 1036 3441 Terracinensem,nuxdmeux
1044 3374 1123 3411 xm

62 3449 240 3528 obscurum,
266 3470 363 3531 quum
384 3466 542 3545 coenatus
567 3457 715 3523 cultuum
727 3453 767 3517 iu
781 3453 882 3529 'idem
899 3443 1062 3505 cunum:
1070 3439 1155 3493 aas:
