2370 3780
94 190 135 253 22
349 190 422 252 PRO
444 191 476 250 P.
499 190 674 264 Quinctio
698 191 849 253 ORATIO.

91 345 207 406 tabam:
231 360 323 419 quum
345 343 601 404 contradicturus
616 353 700 404 esset
715 341 896 405 Hortensius
911 349 940 404 et
955 361 1049 419 quum
1069 362 1119 405 me

91 435 175 488 esset
193 436 304 488 attente
326 427 484 488 auditurus
497 427 671 502 PhilippuS,
692 431 757 489 lore
780 429 822 488 uti
838 428 997 503 permultis
1018 428 1048 488 iu
1071 445 1118 488 re-

90 514 149 572 bus
164 511 270 572 timore
286 512 471 586 prolaberer.
507 510 651 571 Dicebam
671 510 740 571 huic
758 512 790 584 Q.
804 511 933 583 Roscio,
957 511 1044 573 cuius
1066 530 1117 573 so·

91 613 142 655 ror
156 606 204 656 est
218 612 286 655 cum
303 595 334 653 P.
353 595 506 669 Quinctio,
527 612 620 669 qurum
640 610 659 653 a
675 612 723 654 me
737 603 854 670 peteret
869 604 898 655 et
914 612 1030 655 summe
1045 613 1119 656 con-

90 681 243 750 tenderet,
264 687 298 738 ut
316 679 523 754 propinquum
544 695 633 738 suum
654 679 864 751 defenderem,
889 679 959 738 mini
980 679 1119 753 perdilli-

91 763 149 822 cile
164 778 234 822 esse
249 771 354 824 contra
367 764 442 822 tales
460 771 596 823 oratores
607 778 668 822 non
684 763 778 823 modd
791 770 902 823 tantam
914 779 1037 822 causam
1048 780 1118 837 per-

91 864 194 921 orare,
224 847 279 906 sed
306 845 427 907 omnino
449 846 574 906 verbum
596 848 697 906 lacere
717 846 830 906 conari.
859 846 955 919 Quum
976 846 1119 921 cupidius

90 931 230 1002 instaret,
246 930 359 991 homini
373 946 429 1004 pro
441 929 573 990 amicitia
582 929 758 990 familiarius
773 929 851 990 dixi:
866 930 939 989 milri
950 929 1047 990 videri
1064 948 1119 990 ore

91 1013 253 1074 durissimo
275 1029 362 1086 esse,
383 1013 435 1089 qui
452 1021 611 1090 praesente
632 1031 669 1075 eo
692 1023 809 1089 gestum
830 1028 921 1088 agere
942 1023 1118 1075 conaretur:

93 1097 145 1173 quii
168 1113 239 1156 vero
264 1113 332 1157 cum
352 1097 421 1172 ipso
436 1098 669 1170 contenderent,
683 1094 684 1098 ’
696 1113 767 1171 eos,
788 1096 877 1157 etiam
901 1099 926 1156 si
943 1097 1015 1171 quid
1029 1107 1119 1158 antea

90 1181 166 1242 recti
181 1189 233 1241 aut
248 1181 367 1242 venusti
383 1182 496 1242 habere
511 1181 570 1242 visi
586 1190 671 1254 sunt,
684 1180 716 1240 id
730 1181 881 1241 amittere:
896 1197 935 1240 ne
952 1180 1026 1255 quid
1044 1180 1119 1240 mihi

91 1265 158 1326 eius
179 1264 260 1324 modi
281 1265 448 1338 accideret,
470 1282 563 1341 quum
585 1274 690 1325 contra
710 1267 800 1326 talem
820 1264 966 1323 artificem
981 1264 1117 1326 dicturus

91 1366 208 1422 essem,
231 1366 280 1409 me
300 1349 408 1408 vereri.
451 1350 544 1409 XXV.
565 1347 615 1412 78.
637 1350 712 1409 Tum
738 1347 811 1407 milri
837 1347 970 1408 Roscius
1001 1357 1031 1407 et
1057 1347 1118 1407 alia

90 1434 185 1493 multu
195 1433 398 1506 ,confirmandi
410 1433 469 1493 mei
483 1450 577 1494 causa
591 1432 682 1508 dixit,
697 1441 731 1493 ut
743 1432 930 1505 mehercule,
946 1431 972 1491 si
983 1431 1056 1491 nihil
1071 1431 1114 1492 di-

91 1527 187 1589 ceret,
207 1517 298 1578 tacito
319 1517 388 1592 ipso
406 1516 508 1578 allicio
524 1525 554 1578 et
568 1518 684 1589 studio,
707 1518 791 1592 quod
811 1515 942 1576 habebat
957 1532 1030 1590 erga
1045 1532 1116 1590 pro-

90 1601 242 1676 pinquum,
253 1618 357 1674 suum,
375 1600 515 1676 quemvis
530 1609 749 1662 commoveret:
773 1599 883 1661 etenim
899 1617 991 1674 quum
1007 1599 1117 1659 artifex

91 1685 157 1744 eius
178 1683 260 1745 modi
280 1685 333 1756 sit,
354 1692 387 1744 ut
408 1686 493 1745 solus
515 1684 624 1760 diguus
640 1684 778 1745 videatur
792 1700 863 1744 esse
886 1683 939 1758 qui
958 1683 988 1741 in
1005 1699 1118 1742 scaena

91 1777 259 1843 spectetur,
272 1777 335 1829 tum
350 1768 395 1827 vir
406 1768 472 1828 eius
483 1769 565 1831 modi
577 1777 637 1841 est,
652 1777 685 1828 ut
697 1770 782 1828 solus
795 1768 904 1841 dignus
916 1767 1053 1826 videatur
1065 1765 1117 1840 qui

91 1869 129 1913 eo
141 1868 202 1911 non
213 1852 340 1912 accedat
352 1884 387 1896 —-
398 1899 406 1928 ,
417 1861 640 1913 verumtamen:
657 1851 748 1925 Quid,
762 1851 803 1922 si,
816 1851 929 1925 inquit,
945 1851 1039 1910 habes
1051 1851 1116 1910 eius

92 1936 175 1996 rnod‘r
196 1951 334 2009 causam,
355 1943 388 1996 ut
406 1936 465 1997 hoc
485 1935 539 1997 tibi
559 1938 683 2013 planum
704 1936 744 1997 sit
757 1935 944 2006 laciendum,
966 1934 1116 1993 neminem

91 2035 162 2079 esse
180 2017 232 2093 qui
248 2019 348 2094 possit
361 2018 453 2080 biduo
469 2028 521 2080 aut
536 2036 686 2081 summum
697 2019 811 2092 triduo,
829 2019 1021 2093 septingenta
1034 2017 1116 2077 milia

90 2119 239 2178 passuum
259 2103 427 2174 ambulare,
455 2112 595 2164 tamenne
618 2101 732 2164 vereris
753 2111 786 2164 ut
807 2104 910 2178 possis
931 2103 989 2161 hoc
1011 2111 1115 2163 contra

53 2237 56 2241 .
89 2185 284 2246 Hortensium
299 2183 517 2247 contenderet
530 2187 667 2259 Minime,
683 2185 816 2263 inquam.
847 2184 896 2247 79.
919 2186 981 2245 Sed
997 2186 1070 2260 quid.
1084 2184 1115 2244 id

91 2271 130 2329 ad
141 2277 226 2329 rcmt
250 2270 407 2344 Nimirum,
424 2270 535 2346 inquit,
551 2269 581 2329 in
597 2288 634 2331 eo
649 2287 743 2331 cause
758 2269 906 2331 consistit.
936 2269 1116 2342 Quomodo?

89 2354 187 2414 Docet
206 2369 253 2413 me
268 2355 334 2432 eius
350 2355 432 2415 rttodi
446 2371 510 2415 rem
525 2362 555 2415 et
570 2357 679 2415 lactum
697 2355 785 2414 simul
803 2354 874 2414 Sex.
890 2353 1009 2426 Naevii,
1031 2351 1114 2428 quod

91 2438 118 2498 si
140 2439 239 2498 solum
259 2440 459 2512 proferretur,
481 2437 555 2498 satis
577 2454 648 2499 esse
669 2437 802 2499 deberet.
843 2437 930 2511 Quod
944 2437 999 2496 abs
1015 2445 1059 2513 te,
1082 2435 1113 2495 C.
1181 2438 1184 2445 '

89 2521 207 2594 Aquili,
232 2528 261 2581 et
281 2522 419 2596 avobis,
441 2521 493 2597 qui
508 2523 582 2582 estis
599 2522 629 2581 in
643 2523 787 2604 consilio,
811 2538 926 2597 quaeso
941 2529 974 2581 ut
989 2520 1113 2594 diligen-

90 2614 137 2664 ter
158 2605 327 2666 attendatis.
360 2606 498 2667 Profecto
518 2605 689 2681 intelligetis
709 2606 790 2666 illinc
813 2607 852 2665 ab
866 2604 950 2665 initio
967 2604 1113 2679 cupidita-

89 2699 151 2748 tem
166 2705 322 2771 pugnasse
332 2697 361 2750 et
371 2689 545 2762 audaciam,
559 2689 628 2750 hinc
639 2690 796 2750 veritatem
807 2698 837 2750 et
848 2690 996 2764 pudorem
1012 2687 1114 2762 quoad

89 2773 224 2847 potuerit
243 2774 402 2833 restitisse.
434 2773 520 2833 Bona
542 2776 696 2848 postulas,
715 2783 749 2834 ut
771 2791 810 2834 ex
830 2773 929 2833 edicto
951 2771 1113 2848 possidere

90 2855 187 2916 liceat.
224 2858 290 2931 Quo
315 2857 387 2917 diet
412 2856 454 2916 'se
474 2855 590 2930 ipsum,
610 2858 720 2930 Naevi,
742 2858 812 2919 volo
835 2857 955 2916 audire:
978 2856 1046 2916 volo
1069 2853 1113 2912 iu-

90 2939 225 2999 auditum
237 2940 355 3003 lacinus
367 2940 480 3015 ipsius,
497 2940 550 3014 qui
563 2940 596 2999 id
606 2941 769 3014 commisit,
786 2957 862 3001 voce
879 2939 1027 3000 convinci.
1048 2939 1114 3010 Dic,

89 3023 200 3094 Naevi,
217 3025 305 3084 diem.
335 3027 414 3084 Ante
429 3026 508 3084 diem
523 3026 560 3084 V.
575 3024 696 3085 kalend.
715 3025 919 3085 intercalares.
945 3025 1027 3082 Bene
1038 3025 1113 3098 agis,

92 3107 187 3179 Quam
203 3109 293 3181 longe
311 3117 358 3169 est
371 3108 441 3168 hinc
458 3108 489 3168 iu
507 3109 615 3168 saltum
632 3118 766 3170 vestrum
782 3109 989 3169 Gallicanumt
1008 3105 1112 3177 Naeui,

91 3199 120 3250 le
132 3207 218 3264 rogo.
238 3207 290 3249 occ
301 3191 383 3253 milia
394 3209 550 3267 passuum.
572 3192 699 3266 Optime.
719 3193 854 3252 Desaltu
870 3193 1008 3253 deiicitur
1023 3191 1113 3264 Quin-

92 3273 179 3334 ctius.
216 3274 279 3346 Quo
296 3274 367 3334 diet
392 3292 555 3350 possumus
573 3275 631 3335 hoc
649 3291 772 3351 quoque
786 3285 868 3336 exte
884 3278 1012 3336 audiret
1037 3275 1115 3349 Quid

74 3358 191 3406 crees?
205 3357 272 3423 Δία,
293 3357 438 3431 mquam,
460 3361 550 3420 diem.
581 3361 678 3422 Pudet
691 3359 804 3420 dicere.
837 3361 989 3434 lutelliguz
1010 3376 1116 3417 uerum

50 3429 88 3472 ‘³‘
97 3440 176 3483 Sem
191 3441 225 3488 ⁶²2
237 3439 459 3514 nequidquam
474 3446 589 3521 pudet.
627 3444 781 3510 Delictum
797 3446 840 3509 ue
853 3447 953 3516 saltu,
968 3442 1003 3500 u.
1019 3440 1135 3513 naum,
