2370 3780
366 206 447 266 CAP.
463 214 593 267 50—-52
615 211 641 304 8
656 214 820 269 tle—151.
1061 208 1103 271 69

83 358 196 418 liceret.
228 350 312 418 Nune
328 359 368 416 ita
382 357 567 428 defenditur,
592 374 653 417 uon
669 374 742 417 sane
756 369 790 418 ut
810 359 938 420 moleste
953 361 1031 420 terre
1049 362 1102 421 ad·

87 441 210 502 rersarii
227 442 372 512 debeant,
388 456 487 514 neque
499 450 531 500 ut
545 456 579 500 se
594 442 728 516 potentia
743 443 880 516 superari
896 451 1009 517 putent.
1031 442 1100 506 149.

82 525 166 597 Quae
186 525 268 585 domi
289 524 422 599 gerenda
444 532 529 594 sunt,
556 539 592 584 ea
614 541 670 598 per
697 525 854 584 Caeciliam
882 525 1100 600 transiguntur:

81 607 139 667 lori
156 608 320 683 iudiciique
340 606 487 666 rationem
500 608 647 679 Messala,
663 615 696 668 ut
712 607 836 678 videtis
853 609 980 681 iudices,
997 626 1100 668 susce-

79 692 138 766 pit:
155 691 206 767 qui
222 691 248 752 si
263 690 323 749 iarn
339 691 412 749 salis
427 691 533 751 aetatis
548 698 638 765 atque
661 692 780 752 roboris
800 692 937 764 baberet,
961 694 1028 767 ipse
1043 709 1099 767 pro

81 774 152 835 Sex.
169 772 282 834 Roscio
298 775 425 832 diceret:
440 774 582 849 quoniam
596 775 636 837 ad
648 775 809 835 dicendum
823 768 1037 850 impedimento
1053 786 1100 836 est

79 866 166 920 aetas
186 865 217 916 et
238 857 337 931 pudor
362 856 414 931 qui
441 866 528 918 ornat
552 865 695 930 aetatem,
721 856 845 918 causam
869 859 939 918 milri
964 859 1099 932 tradidit,

80 957 171 1017 quem
187 956 243 1000 sua
258 956 352 999 causa
368 957 480 1015 cupere
495 957 531 1000 ae
547 941 658 1000 debere
670 941 868 1017 intelligebat,
884 943 951 1018 ipse
965 942 1100 1002 adsidui-

78 1032 156 1098 tate,
171 1023 315 1096 eonsilio,
330 1024 520 1095 auctoritate,
540 1024 693 1098 diligentia
709 1026 848 1099 perfecit,
866 1036 896 1086 ut
908 1026 978 1086 Sex.
994 1025 1097 1086 Roscii

77 1108 142 1167 vita
154 1115 260 1182 erepta
272 1108 311 1166 de
327 1108 465 1167 manibus
487 1115 639 1167 sectorum
653 1109 810 1169 sententiis
828 1110 960 1170 iudicum
977 1109 1097 1184 permit-

79 1198 200 1251 teretur.
231 1189 391 1263 Nimirum,
408 1190 541 1262 iudieeS,
564 1207 619 1264 pro
634 1189 691 1251 hae
706 1193 859 1252 nobilitate
873 1210 945 1268 pars
969 1195 1099 1253 maxima

82 1272 212 1333 eivitatIs
227 1273 362 1334 inarmis
379 1274 447 1333 luit:
468 1274 544 1333 haee
559 1282 627 1333 aeta
640 1291 690 1334 res
706 1285 766 1349 est,
787 1285 820 1335 ut
836 1275 857 1336 ii
871 1277 989 1337 nobiles
1010 1276 1097 1337 resti-

78 1366 233 1417 tuerentur
246 1357 277 1417 in
293 1357 457 1428 civitatem,
475 1358 526 1431 qui
540 1357 598 1417 hoe
621 1359 769 1432 lacerent,
792 1361 876 1434 quod
898 1362 997 1419 lacere
1017 1361 1097 1420 lllles-

78 1441 174 1500 salam
193 1439 318 1514 videtiS,
344 1440 396 1516 qui
411 1448 502 1515 caput
522 1440 693 1502 innocentis
716 1443 928 1516 defenderent,
950 1442 1000 1518 qui
1021 1444 1096 1504 iniu-

76 1524 140 1583 riae
154 1524 337 1598 resisterent,
356 1523 408 1600 qui
421 1532 563 1599 quantum
576 1534 704 1600 possent
717 1525 746 1585 in
762 1528 858 1586 salute
870 1526 994 1587 alterius
1006 1544 1097 1601 quam

76 1606 107 1666 in
126 1608 216 1668 exitio
234 1610 356 1668 mallent
372 1609 548 1668 ostendere:
568 1608 691 1683 quodsi
706 1623 821 1682 omnes,
838 1610 890 1684 qui
905 1611 1013 1669 eodem
1027 1611 1095 1670 loeo

76 1690 137 1750 nati
152 1700 237 1764 sunt,
252 1693 399 1764 lacerent,
417 1701 447 1751 et
460 1709 510 1752 res
524 1692 646 1768 publica
659 1708 698 1755 ex
713 1693 771 1753 illis
794 1700 824 1753 et
844 1693 904 1768 ipsi
924 1709 962 1753 ex
983 1693 1097 1753 invidia

76 1774 174 1835 minus
191 1776 371 1834 laborarent.

158 1859 221 1918 Lll.
244 1856 312 1918 150.
336 1861 448 1918 Verum
464 1857 490 1918 si
505 1876 523 1918 a
538 1859 752 1936 Chrysogono,
773 1859 906 1933 iudices,
924 1878 985 1920 non
1000 1859 1094 1935 impe·

74 1952 198 2012 tremus
217 1950 250 2001 ut
271 1943 398 2016 pecunia
417 1950 520 2002 nostra
536 1951 694 2003 contentus
709 1943 762 2015 sit,
784 1943 927 2003 vitamne
947 1953 1044 2018 petat,
1066 1944 1094 2002 si

73 2025 124 2084 ille
138 2024 249 2084 adduci
264 2043 325 2086 non
339 2033 447 2100 potest,
466 2034 507 2098 ut,
523 2043 614 2100 quum
626 2026 772 2086 ademerit
785 2025 874 2086 nobis
887 2025 1001 2097 omnia,
1016 2043 1094 2101 quae

74 2116 178 2169 nostra
193 2117 279 2168 erant
292 2108 431 2184 propria,
444 2124 482 2168 ne
496 2111 593 2169 lucem
610 2126 733 2185 quoque
750 2108 841 2182 hane,
867 2125 946 2184 quae
961 2126 1094 2170 commu·

73 2191 121 2252 nis
141 2199 202 2263 est,
227 2191 344 2268 eripere
365 2191 479 2266 cupiat,
505 2193 532 2253 si
553 2193 704 2253 nonsatis
720 2192 810 2252 habet
830 2192 985 2253 avaritiam
1007 2209 1093 2253 suam

73 2274 204 2350 pecunia
225 2278 362 2350 explere,
389 2275 447 2335 nisi
476 2275 566 2335 etiarn
593 2275 761 2337 crudelitati
788 2276 912 2351 sanguis
938 2277 1092 2353 praebitus

74 2357 128 2430 sit,
144 2375 236 2418 unum
250 2359 430 2434 perfugium,
448 2358 581 2431 iudices,
595 2376 655 2419 una
669 2375 741 2434 spes
755 2359 873 2434 reliqua
887 2368 933 2420 est
945 2360 1015 2421 Sex.
1030 2362 1091 2421 Ro-

74 2441 154 2513 scio,
171 2443 276 2501 eadem
292 2460 372 2517 quae
386 2442 430 2502 rei
443 2443 592 2518 publicae,
610 2451 710 2502 vestra
721 2443 849 2518 pristina
861 2443 982 2518 bonitas
995 2453 1025 2504 et
1038 2438 1091 2502 mi-

73 2525 253 2599 sericordia,
269 2543 347 2600 quae
363 2527 389 2586 si
406 2533 514 2598 manet,
533 2525 609 2586 salvi
627 2526 715 2587 etiam
732 2543 811 2587 nunc
826 2544 896 2587 esse
912 2544 1090 2602 possumus:

73 2607 120 2668 sin
138 2624 175 2668 ea
194 2609 371 2689 erudelitas,
393 2627 471 2685 quae
491 2609 550 2694 hoc
571 2616 707 2684 tempore
726 2610 756 2669 in
776 2628 809 2670 re
829 2610 951 2685 publiea
972 2619 1092 2671 versata

72 2700 134 2765 est,
155 2699 274 2751 vestros
291 2711 414 2769 quoque
435 2692 553 2753 animos
567 2727 609 2738 —
625 2693 657 2753 id
677 2695 760 2767 quod
783 2694 848 2753 fieri
869 2696 1005 2768 prolecto
1029 2711 1090 2754 non

71 2775 365 2850 potest—-duriores
378 2777 611 2851 acerbioresque
622 2777 761 2848 reddidit,
777 2786 876 2837 actum
888 2785 942 2850 est,
957 2777 1089 2837 iudices:

70 2859 149 2917 inter
166 2859 246 2926 ieras
259 2859 353 2919 satius
370 2870 416 2920 est
430 2868 557 2920 aetatem
575 2862 686 2935 degere
702 2877 792 2935 quam
812 2861 841 2919 in
859 2860 916 2920 hac
932 2853 1013 2920 tanta
1034 2860 1088 2919 im·
1163 2934 1164 2938 Ἰ

13 2941 26 2992 r'
71 2940 212 3000 manitate
227 2943 351 3001 versari.
388 2942 457 3003 151.
478 2945 527 3003 Ad
542 2960 648 3004 eamne
668 2960 732 3003 rem
752 2960 809 3004 vos
830 2943 977 3004 reservati
994 2945 1090 3010 estis?

70 3024 111 3084 ad
128 3040 234 3085 eamne
248 3042 312 3085 rem
329 3026 446 3098 delecti,
463 3034 495 3087 ut
511 3043 566 3088 εοε
582 3027 838 3101 condemnaretis,
855 3045 934 3102 quos
951 3036 1087 3088 sectores

69 3124 105 3167 ac
120 3107 220 3167 sicarii
235 3109 371 3182 iugulare
386 3126 445 3169 non
460 3111 654 3186 potuissent?
674 3111 779 3172 Solent
800 3111 857 3171 lroc
872 3112 943 3170 boni
960 3111 1086 3185 impera·
1146 3180 1155 3193 .

69 3200 152 3251 tores
170 3192 279 3264 lacere,
297 3211 388 3268 quum
401 3193 549 3267 proelium
565 3195 767 3266 committunt,
788 3195 863 3254 utin
879 3210 916 3254 eo
931 3197 1010 3268 loeo,
1026 3209 1086 3267 quo

68 3276 169 3349 lugam
186 3275 317 3338 hostium
339 3277 402 3336 lore
424 3277 617 3350 arbitrentur,
637 3277 746 3338 milites
762 3279 925 3348 collocent,
947 3277 977 3336 in
999 3292 1085 3350 quos
1148 3278 1152 3283 “

69 3357 95 3416 si
110 3358 161 3432 qui
178 3375 216 3417 ex
232 3359 298 3420 acie
312 3361 459 3436 lugerint,
474 3363 513 3422 de
526 3361 699 3438 improuiso
710 3361 865 3420 indidem.
889 3359 1053 3412 Samum
1060 3356 1105 3429 s'xss

56 3439 168 3501 militer
180 3443 367 3510 arbitrantur
386 3445 618 3518 istibonorum
631 3454 799 3524 amotores
816 3428 1132 3498 assummum-

946 3682 963 3709 ⁸
