2370 3780
108 199 147 262 18
367 198 439 261 PRO
462 199 493 259 P.
516 199 689 273 QUINCTlO
712 201 863 263 ORATIO.

108 351 220 424 audes,
243 351 315 411 Sex.
329 351 439 425 Naevi,
462 354 573 428 negare
596 353 752 414 absentem
773 355 931 416 defensum
952 370 1023 416 esse
1037 355 1129 431 Quin-

108 435 216 507 ctium,
230 453 323 510 quum
337 452 405 495 eum
422 435 590 495 detenderit
605 436 700 511 idem,
716 437 768 513 qui
782 446 812 498 te
823 439 960 499 solebat?
975 447 1017 511 et,
1034 458 1130 515 quum

107 519 134 578 is
157 518 301 578 iudicium
322 520 474 595 acciperet
495 536 550 593 pro
567 519 720 594 Quinctio,
740 522 789 580 oui
805 529 958 582 tuetrem
973 524 1130 583 etiannum

106 610 188 662 tuam
203 603 415 662 commendare
425 601 626 676 proficiscens
640 611 670 663 et
684 605 867 665 concredere
883 606 1020 666 solebas:
1036 623 1128 667 cona-

107 687 149 745 ris
171 684 231 744 hoc
255 686 371 756 dicere,
400 684 551 744 neminem
572 686 726 747 exstitisse
750 689 800 761 qui
824 689 991 763 Quinctium
1014 690 1128 750 iudicio

108 769 305 829 detenderet?
334 767 385 830 63.
406 767 612 843 Postulabam,
632 768 743 845 inquit,
758 779 792 831 ut
804 773 879 834 satis
894 773 987 832 daret.
1015 773 1130 833 Iniuria

108 852 300 927 postulabas:
327 852 369 912 ita
391 850 552 912 videbare:
578 853 739 914 recusabat
757 855 895 916 Alienus.
936 857 994 929 ita,
1020 872 1128 915 verum

108 944 231 1010 praetor
257 936 455 996 decernebat:
477 936 588 997 tribuni
614 934 704 1012 igitur
728 938 966 1012 appellabantur.
1007 938 1063 997 Hic
1087 946 1128 1011 te,

108 1017 218 1094 inquit,
234 1027 331 1079 teneo.
365 1020 432 1080 Non
453 1026 500 1079 est
520 1018 601 1080 istud
623 1019 687 1096 pati
706 1038 806 1094 neque
822 1021 934 1083 iudicio
953 1023 1129 1095 defendere,

110 1119 203 1177 quum
222 1101 369 1163 auxilium
387 1119 405 1162 a
427 1103 555 1163 tribunis
578 1113 676 1179 petas.
710 1105 776 1164 Hoc
797 1120 870 1179 ego,
893 1123 985 1180 quum
1005 1107 1128 1166 attendo

93 1204 171 1260 ·qua
196 1185 355 1260 prudentia
376 1185 415 1247 sit
433 1187 630 1260 Hortensius,
653 1186 891 1248 dicturumesse
911 1205 979 1248 euni
1002 1205 1063 1249 non
1081 1206 1128 1247 ar-

108 1269 211 1329 bitror.
242 1269 338 1342 Quum
356 1278 456 1329 autern
474 1279 563 1331 antea
583 1268 700 1331 dixisse
721 1270 812 1331 audio
835 1279 866 1330 et
886 1287 1009 1330 causam
1029 1273 1130 1347 ipsam

109 1352 287 1424 considero,
309 1353 382 1428 quid
403 1353 485 1413 aliud
507 1353 608 1412 dicere
628 1354 728 1428 possit
748 1372 809 1415 non
835 1353 964 1428 reperio.
1007 1355 1130 1414 Fatetur

109 1437 189 1496 enim
209 1436 328 1497 libellos
351 1439 492 1497 Alienum
513 1437 678 1509 deiecisse,
708 1436 914 1499 vadimonium
939 1439 1128 1511 promisisse,

109 1519 253 1583 iudicium
281 1519 353 1594 quin
380 1520 534 1595 acciperet
558 1520 590 1579 in
613 1536 650 1580 ea
670 1519 739 1596 ipsa
758 1522 866 1593 verba,
898 1537 981 1594 quae
996 1521 1129 1581 Naevius

110 1604 238 1676 edebat,
266 1620 328 1664 non
351 1620 529 1679 recusasse,
551 1601 592 1664 ita
612 1613 727 1678 tamen,
749 1620 835 1666 more
856 1611 886 1664 et
905 1601 1055 1679 instituto,
1074 1621 1131 1678 per

109 1704 178 1747 eum
192 1686 415 1761 magistratum,
430 1687 482 1762 qui
497 1686 601 1747 auxilii
616 1703 709 1748 causa
723 1687 904 1748 constitutus
920 1693 976 1746 est.
1004 1683 1054 1748 64.
1069 1688 1133 1747 Aut

109 1771 185 1829 haec
207 1771 287 1830 iacta
306 1786 367 1829 non
388 1770 447 1830 sint
468 1787 598 1831 necesse
612 1777 659 1830 est
674 1779 726 1831 aut
739 1770 770 1829 C.
787 1770 928 1845 Aquilius
942 1769 1011 1829 talis
1025 1768 1072 1828 vir
1085 1768 1130 1828 iu-

113 1863 196 1913 ratus
220 1853 279 1913 hoc
299 1852 347 1913 ius
369 1853 400 1914 in
422 1853 542 1914 civitate
565 1852 741 1915 constituaa
762 1854 849 1914 cuius
870 1861 1049 1927 procurator
1069 1869 1132 1912 non

30 2000 34 2009 ,
111 1936 212 1997 omnia
231 1937 342 1996 iudicia
363 1954 442 2013 quae
463 1936 594 2012 quisque
614 1938 644 1996 in
667 1936 760 1997 verba
782 1936 942 2013 postularit
963 1936 1131 2010 acceperit:

111 2020 197 2081 cuius
220 2029 398 2095 procurator
418 2038 437 2080 a
459 2027 599 2095 praetore
627 2019 762 2083 tribunos
788 2022 942 2096 appellare
967 2035 1061 2079 ausus
1083 2020 1131 2092 sit,

111 2121 179 2164 eum
197 2121 258 2164 non
275 2103 412 2177 delendi,
439 2106 504 2165 cius
522 2105 604 2164 bona
620 2112 702 2164 recte
720 2104 873 2179 possideri
893 2119 1003 2178 posse,
1028 2101 1057 2162 ei
1078 2103 1131 2161 nri-

112 2204 196 2260 sero,
216 2186 348 2261 absenti,
365 2187 470 2261 ignaro
488 2188 674 2247 fortunarum
687 2205 822 2260 suarum,
840 2186 1030 2248 omniavitae
1043 2202 1132 2248 orna·

111 2279 212 2331 menta
224 2287 280 2346 per
295 2288 443 2331 summum
456 2271 591 2331 dedecus
607 2271 839 2346 ctignominimn
851 2270 947 2345 deripi
959 2269 1133 2329 contenire.

111 2354 161 2418 65.
169 2354 257 2427 Quod
269 2355 294 2415 si
304 2354 426 2429 probari
440 2353 551 2414 nemini
562 2361 671 2429 potest,
682 2354 757 2414 illud
768 2363 849 2415 certe
859 2353 981 2429 probari
992 2353 1133 2414 omnibus

112 2454 242 2499 necesse
265 2447 326 2511 est,
355 2439 516 2498 defensum
540 2454 611 2498 esse
636 2437 748 2499 iudicio
776 2439 933 2498 absentem
954 2436 1134 2510 Quinctium.

113 2522 200 2596 Quod
220 2539 312 2596 quum
329 2523 369 2582 ita
389 2530 450 2596 est,
471 2539 510 2581 ex
524 2521 623 2582 edicto
643 2522 724 2582 bona
744 2538 893 2595 possessa
909 2537 969 2580 non
986 2529 1063 2580 sunt.
1093 2523 1136 2580 At

115 2606 194 2666 enim
208 2604 321 2665 tribuni
336 2604 435 2680 plebis
450 2621 489 2664 ne
503 2605 663 2666 audierunt
677 2606 809 2681 quidem.
836 2606 959 2676 Fateor,
979 2604 1005 2664 si
1020 2605 1060 2663 ita
1076 2611 1133 2673 est,

112 2698 339 2764 procuratorem
355 2690 477 2749 decreto
494 2688 642 2763 praetoris
658 2689 833 2764 oportuisse
848 2704 967 2763 parere.
998 2685 1089 2760 Quid,
1107 2686 1135 2744 si

112 2774 152 2832 M.
173 2774 284 2832 Brutus
309 2771 546 2833 intercessurum
572 2789 607 2832 se
634 2771 710 2832 dixit
734 2774 850 2848 palam,
879 2771 937 2831 nisi
961 2770 1034 2845 quid
1056 2768 1136 2829 inter

113 2857 214 2930 ipsum
227 2857 369 2915 Alienum
390 2864 420 2916 et
434 2856 580 2915 Naevimn
600 2855 788 2930 conveniret,
808 2855 966 2915 videturne
988 2854 1134 2913 interces-

114 2940 194 2999 sisse
209 2939 372 3014 appellatio
395 2940 582 3001 tribunorum
596 2956 658 2999 non
678 2956 797 3011 morae,
819 2940 874 2999 sed
894 2937 999 2998 auxilii
1019 2943 1137 2997 causat

113 3023 189 3082 xxi.
210 3022 261 3085 66.
283 3022 360 3096 Quid
381 3023 491 3084 deinde
511 3024 565 3084 fita
604 3024 750 3096 Alfenus,
779 3031 813 3084 ut
836 3039 942 3083 omnes
966 3020 1136 3094 intelligere

115 3113 242 3180 possent
262 3105 374 3168 iudicio
395 3107 517 3167 defendi
533 3105 715 3181 Quinctium,
740 3123 778 3166 ne
800 3123 860 3181 qua
880 3106 1010 3165 subesse
1027 3111 1138 3177 posset

113 3190 212 3250 aliena
226 3199 277 3251 aut
290 3191 388 3266 ipsius
404 3191 506 3252 olficio
521 3198 572 3251 aut
582 3190 672 3251 huius
688 3189 909 3251 existimatione
924 3185 1075 3262 suspicio,
1092 3185 1137 3245 vi-

112 3290 166 3333 ros
182 3275 281 3336 bonos
303 3276 473 3350 complures
487 3275 630 3334 advocat:
656 3282 782 3334 testatur
795 3273 853 3335 isto
871 3272 1011 3332 audiente
1028 3285 1062 3329 se
1078 3285 1138 3343 pro

87 3357 260 3434 ,communi
270 3359 506 3421 necessitudine
522 3358 556 3420 id
570 3357 701 3435 primurn
713 3366 835 3433 petere,
853 3373 895 3415 ne
909 3353 984 3429 auid
1001 3351 1138 3413 atrocius

73 3440 111 3478 m
121 3430 159 3493 P..
172 3433 358 3504 Oru’nctium
375 3446 546 3510 absentem
561 3445 632 3508 sine
648 3460 747 3508 causa
760 3445 867 3505 lacere
881 3443 1022 3498 conetur.
1035 3433 1087 3492 sin
1096 3449 1151 3490 au-
