2370 3780
359 192 440 255 CAP.
460 199 593 255 23—26.
613 197 639 258 S·
654 199 785 256 64-71.
1039 190 1080 255 47

56 355 150 422 atque
164 344 330 418 dedecore,
352 342 411 404 nisi
425 350 571 418 prorupta
584 341 727 415 audacia,
750 340 809 403 nisi
829 350 911 403 tanta
928 343 1079 405 temeritas

56 439 90 490 ut
111 446 172 490 non
192 431 300 505 procul
320 427 482 488 abhorreat
504 426 543 487 ab
566 425 692 486 insania.
726 426 863 486 Accedat
884 426 943 485 hue
957 435 1079 501 oportet

57 513 162 573 odium
175 512 325 588 parentio,
346 508 617 571 animadversionis
633 518 777 584 paternae
791 518 902 583 metus,
923 509 1012 569 amici
1025 509 1078 568 im-

56 596 161 672 probi,
182 597 264 657 servi
278 592 409 664 conscii,
430 602 550 668 tempus
568 593 724 665 idoneum,
742 593 828 654 loeus
844 601 1014 668 opportune
1029 608 1078 653 ca-

56 688 127 754 ptus
147 680 186 740 ad
208 695 275 738 eam
289 693 368 737 rem=
390 693 488 751 paene
503 676 617 749 dicam,
632 692 792 752 respersas
809 693 916 737 manus
931 675 1079 751 sanguine

55 772 183 838 paterno
200 761 318 822 iudices
334 759 456 820 videant
472 769 613 835 oportet,
627 761 653 820 si
667 769 781 821 tantum
799 759 932 835 lacinus,
948 769 1009 821 tam
1022 759 1077 820 irn-

55 863 158 919 mane,
180 854 241 905 tam
254 844 395 903 acerbum
410 843 550 905 credituri
569 852 647 905 sunt·
690 843 739 905 69.
764 843 862 916 Quare
875 843 934 903 hoe
950 860 1010 918 quo
1024 843 1077 903 mi-

56 947 114 990 nus
132 938 179 990 est
195 927 354 1001 credibile,
373 928 430 988 nisi
447 927 631 1002 ostenditur,
647 943 684 987 eo
699 926 794 1001 magis
809 935 870 1000 est,
884 927 910 987 si
926 927 1076 988 convinci-

56 1022 118 1084 tur,
138 1011 360 1074 vindicandum.
381 1011 473 1071 XXV.
488 1012 594 1084 ltaque
609 1028 702 1085 quum
717 1010 815 1077 militis
831 1027 870 1071 ex
883 1011 974 1071 rebus
992 1010 1077 1071 intel-

55 1096 108 1172 ligi
122 1102 223 1171 potest
236 1093 364 1155 maiores
377 1104 499 1155 nostros
514 1111 575 1154 non
595 1094 686 1154 modo
703 1094 795 1154 armis
810 1096 880 1170 plus
899 1113 988 1170 quam
1009 1112 1077 1155 eae-

55 1189 138 1242 teras
153 1177 307 1252 nationeS,
326 1178 538 1239 verumetiam
555 1177 682 1238 consilio
698 1177 908 1253 sapientiaque
928 1178 1077 1255 potuisse,

55 1273 119 1324 tum
134 1279 173 1323 ex
189 1262 246 1323 hac
262 1263 356 1322 revel
368 1261 512 1335 maxime,
528 1263 611 1337 quod
625 1261 655 1320 iu
669 1260 779 1337 impios
795 1261 946 1336 singulare
962 1262 1076 1338 suppli·

57 1346 136 1408 cium
151 1345 339 1406 invenerunt
364 1345 428 1419 Qua
442 1345 472 1404 in
487 1362 520 1405 re
535 1355 679 1420 quantum
698 1344 856 1421 prudentia
874 1345 1078 1420 praestiterint

56 1429 109 1502 iis,
131 1430 183 1504 qui
198 1430 281 1505 apud
301 1438 438 1490 caeteros
453 1429 669 1504 sapientissimi
686 1429 782 1489 luisse
799 1428 953 1501 dicuntur,
976 1429 1076 1490 eonsi-

56 1514 168 1573 derate.
210 1511 262 1576 70.
287 1513 522 1573 Prudentissima
546 1513 653 1574 civitas
673 1511 918 1584 Atheniensium,
944 1513 1016 1572 dum
1041 1528 1077 1571 ea

55 1613 154 1656 rerum
176 1597 272 1673 potita
292 1604 353 1669 est,
383 1595 478 1656 luisse
498 1597 633 1657 traditur.
670 1596 743 1656 Eius
763 1612 855 1672 porro
877 1595 1004 1656 civitatis
1029 1612 1076 1655 sa-

55 1680 275 1754 pientissimum
296 1680 440 1740 Solonem
461 1680 563 1743 dicunt
577 1680 689 1754 fuisse,
712 1696 795 1752 eum,
819 1679 871 1755 qui
887 1682 986 1755 leges,
1010 1678 1075 1755 qui-

55 1765 113 1825 bus
127 1764 219 1825 hodie
234 1779 358 1839 quoque
374 1772 509 1836 utuntur,
526 1763 691 1840 scripserit.
725 1765 755 1826 Is
772 1781 863 1838 quum
877 1765 1075 1839 interrogare-

55 1856 102 1907 tur
123 1865 176 1909 cur
192 1848 307 1908 nullum
327 1846 509 1922 supplicium
531 1847 738 1909 constituisset
750 1847 780 1907 in
796 1865 879 1921 eum,
903 1847 955 1922 qui
968 1864 1075 1922 paren·
1164 1892 1168 1899 .

55 1941 115 1991 tem
135 1941 290 2003 necasset,
316 1931 475 2005 respondit
495 1949 530 1993 se
550 1933 580 1992 id
601 1933 749 1991 neminem
773 1931 920 1992 saetarum
941 1939 1076 2004 putasse.
1172 1925 1176 1937 “

56 2013 215 2088 Sapienter
238 2016 350 2079 secisse
370 2013 492 2090 dieitur,
515 2033 608 2091 quum
628 2016 667 2075 de
682 2032 720 2076 eo
736 2015 808 2074 nihil
824 2015 971 2087 sanxerit,
993 2015 1076 2088 quod

55 2106 145 2159 antea
159 2099 353 2159 commissum
368 2115 429 2158 non
445 2109 523 2173 erat,
538 2117 577 2160 ne
592 2116 652 2160 non
666 2107 728 2160 tam
741 2097 904 2174 prohibere
919 2114 1008 2172 quam
1023 2097 1075 2156 ad-

55 2197 179 2242 monere
201 2182 361 2243 videretur.
396 2183 512 2256 Quanto
534 2185 664 2245 maiores
687 2181 782 2243 nostri
804 2181 993 2256 sapientius?
1024 2179 1075 2255 qui

56 2281 150 2339 quum
168 2264 368 2340 intelligerent
390 2266 463 2327 nilril
484 2284 554 2328 esse
577 2276 638 2328 tam
659 2273 812 2338 sanctum,
833 2265 915 2340 quod
939 2282 998 2326 non
1021 2263 1074 2324 ali-

56 2349 178 2422 quando
195 2348 323 2411 violaret
337 2349 479 2424 audacia,
497 2350 679 2426 supplicium
696 2352 726 2410 in
744 2349 909 2424 parricidas
924 2348 1076 2424 singulare

56 2431 320 2506 excogitaverunt,
339 2441 386 2505 ut,
408 2451 486 2509 quos
504 2442 609 2495 natura
622 2433 691 2509 ipsa
704 2433 833 2493 retinere
847 2432 878 2493 in
895 2432 998 2494 allicio
1014 2449 1075 2507 non

55 2514 220 2589 potuisset,
240 2516 442 2592 magnitudine
461 2534 580 2593 poenae
600 2513 783 2578 amalelioio
806 2524 1075 2578 summoverentur.

54 2597 137 2660 lusui
151 2599 309 2661 voluerunt
319 2601 349 2660 in
361 2602 480 2663 ordeum
490 2600 579 2663 vivos
590 2607 681 2676 atque
691 2599 721 2661 in
734 2599 844 2661 ilurnen
857 2600 955 2661 deiici.
970 2601 1074 2659 XXVI.
1092 2614 1094 2619 ’

55 2678 104 2744 71.
128 2681 348 2758 Osiugularem
360 2683 554 2760 sapientiam,
569 2684 700 2745 iudices!
722 2685 827 2745 Nonne
844 2683 982 2744 videntur
995 2682 1075 2743 hunc

55 2765 208 2826 hominem
229 2782 269 2826 ex
288 2783 388 2827 rerum
406 2776 514 2829 natura
533 2768 695 2830 sustulisse
717 2776 746 2829 et
766 2767 932 2843 eripuisse,
959 2766 1009 2826 cui
1027 2783 1074 2827 re-

55 2857 147 2923 pente
162 2851 295 2923 eaelum,
318 2853 429 2926 solem,
449 2868 560 2926 aquam
574 2859 745 2926 terramque
759 2850 938 2922 ademerint,
954 2859 1002 2925 ut,
1023 2851 1075 2926 qui

56 2948 126 2993 eum
139 2941 295 3005 necasset,
307 2935 388 2994 unde
401 2935 469 3010 ipse
483 2944 571 2996 natus
583 2944 679 3009 esset,
694 2943 810 2996 careret
822 2934 860 2995 iis
874 2934 966 2994 rebus
981 2935 1074 2995 omni-

54 3016 130 3089 bus,
151 3031 192 3075 ex
214 3016 325 3091 quibus
340 3018 440 3079 omnia
461 3027 530 3079 nata
545 3034 616 3079 esse
630 3018 791 3079 dicuntur?
819 3019 1074 3079 Nolueruntderis

56 3115 169 3175 eorpus
184 3098 330 3172 obiicere,
346 3117 384 3162 ne
398 3101 504 3163 bestiis
522 3118 659 3177 quoque,
676 3114 754 3178 quae
767 3110 879 3162 tantum
894 3103 995 3162 scelus
1010 3101 1074 3163 atti-

57 3182 188 3256 gissent,
209 3181 435 3247 immanioribus
455 3193 620 3246 uteremur:
649 3203 710 3246 non
731 3185 775 3245 sic
795 3186 895 3246 nudos
915 3184 944 3245 in
962 3185 1074 3245 flumen

57 3266 203 3341 deiicere,
218 3284 272 3341 ne,
294 3285 386 3343 quum
400 3267 491 3330 delati
505 3277 609 3330 essent
622 3267 652 3328 in
666 3285 763 3342 mare,
781 3269 882 3344 ipsum
897 3270 1077 3344 polluerent,

58 3367 117 3424 quo
132 3360 267 3424 caetera,
292 3367 370 3427 quae
386 3352 498 3419 violata
518 3361 606 3431 sunt,
625 3350 750 3429 expiari
764 3359 934 3427 putamur.
960 3345 1104 3406 uenustus

50 3432 125 3491 nitri
144 3443 201 3495 tam
220 3435 278 3497 vile
296 3453 401 3515 neque
416 3447 478 3503 tam
496 3442 631 3520 vulgare
645 3447 701 3504 est
712 3435 810 3501 caitus
822 3421 1133 3510 partemulffiffi·
