2370 3780
306 481 351 564 ll.
379 478 549 564 rallll
579 478 840 563 CICERONIS

114 647 236 732 llll
280 646 403 730 llll.
444 644 688 731 thClC
730 645 1026 731 llllttlltl

442 806 707 906 tallia.

362 1116 768 1187 ARGUMENTUM.

131 1238 213 1298 Quum
228 1236 285 1288 Sex.
303 1240 428 1301 Roscius,
443 1242 573 1306 municeps
588 1243 721 1292 Amerinus
739 1258 771 1293 ex
787 1243 903 1305 Umbria,
920 1244 995 1294 homo
1014 1246 1084 1296 dives

60 1316 85 1358 et
101 1307 264 1372 splendidus,
282 1308 353 1358 finita
373 1311 423 1360 iam
444 1311 627 1375 proscriptione
642 1309 761 1371 Sullana,
782 1311 878 1362 Rornae
893 1314 990 1363 occisus
1006 1325 1083 1374 esset,

59 1391 153 1427 nomen
165 1377 218 1426 eius
229 1377 255 1436 in
265 1378 365 1428 tabulas
376 1380 565 1444 proscriptionis
576 1379 681 1429 relatum
693 1389 745 1441 est,
760 1382 827 1431 bona
835 1384 978 1439 venierunt;
994 1382 1083 1437 sslinm.

60 1445 122 1495 Sex.
140 1445 272 1504 Roscium,
295 1447 399 1496 Erucius
413 1449 533 1510 quidam,
553 1449 705 1498 subornatus
720 1464 737 1499 a
751 1451 779 1501 L.
799 1449 975 1516 Chrysogono,
998 1451 1084 1501 Sullae

59 1515 165 1573 liberto,
182 1515 224 1577 qai
240 1516 307 1564 bona
322 1524 430 1575 emerat,
451 1524 475 1566 et
490 1517 553 1567 Titia
569 1516 667 1567 Rosciis
683 1515 804 1582 Capitone
819 1527 843 1568 et
858 1520 964 1585 Magno,
985 1522 1084 1569 Ameri-

60 1585 115 1643 nis,
136 1583 245 1632 inimicis
267 1583 352 1633 Roscii
373 1585 466 1645 occisi,
489 1586 533 1649 qui
555 1584 666 1650 praedae
685 1587 822 1652 participes
844 1597 928 1648 erant,
955 1589 1084 1653 parricidii

60 1653 195 1702 accusavit.
230 1651 293 1701 Eum
310 1651 411 1714 Cicero,
428 1655 539 1717 quitum
556 1667 648 1702 annum
662 1655 815 1721 vigesimum
830 1658 966 1721 septimum
982 1657 1083 1722 agebat,

60 1722 129 1786 apud
148 1721 181 1770 Μ.
198 1721 320 1770 Fannium
339 1731 497 1786 praetorem,
518 1723 562 1784 qni
583 1725 724 1785 quaestioni
744 1726 808 1774 inter
833 1727 936 1775 sicarios
958 1735 1083 1790 praeerat,

59 1790 108 1841 hae
125 1791 237 1840 oratione
252 1791 288 1839 ita
305 1789 433 1852 defendit,
455 1800 483 1841 ut
498 1793 592 1841 crimen
607 1791 634 1840 in
649 1790 838 1859 Chrysogonum
854 1803 878 1844 et
894 1796 963 1844 Titos
979 1794 1084 1844 Roscios

60 1860 182 1914 reiiceret.
217 1857 300 1909 Causa
322 1867 379 1908 ecta
402 1869 440 1911 est
459 1861 489 1911 L.
514 1859 627 1912 Cornelio
650 1858 719 1911 Sulla
734 1863 772 1922 ll,
795 1861 903 1913 Caecilio
925 1861 1024 1913 Metello
1039 1863 1084 1912 Pio

61 1927 148 1986 Coss,
168 1929 197 1982 L.
215 1926 287 1977 sollo
306 1928 440 1989 dictatore,
463 1944 528 1980 anno
551 1944 579 1995 p.
594 1946 620 1982 n.
637 1945 659 1982 c.
673 1929 819 1980 DCLXXIV
832 1930 922 1997 Vara,
944 1947 966 1982 a.
983 1929 1040 1983 Chr.
1057 1947 1083 1980 n.

60 1994 159 2046 LXXX.
200 1997 270 2045 Hanc
296 1997 404 2060 primam
432 2000 458 2048 in
477 1997 570 2048 iudicio
592 1998 693 2064 publico
720 2000 858 2049 orationem
880 1998 965 2049 Cicero
983 1999 1083 2049 habuit.

60 2063 138 2130 [Vide
154 2063 279 2114 Ciceronis
298 2065 372 2116 amr.
396 2083 418 2118 c.
431 2073 467 2121 9⁰.
488 2068 512 2130 ς.
528 2073 573 2116 tlt.
596 2067 709 2117 eiusdem
729 2068 774 2122 lib.
797 2069 828 2118 de
850 2069 939 2132 officiis
957 2068 988 2121 ll.
1009 2084 1031 2120 c.
1051 2075 1083 2115 ll.

59 2137 84 2197 s.
101 2140 135 2187 ol.
151 2132 278 2184 Plutarchi
291 2136 332 2186 cll.
349 2135 399 2187 Cic.
415 2151 438 2187 c.
452 2143 474 2190 a.
491 2135 564 2187 Gellii
580 2135 653 2186 Nece.
669 2135 725 2187 Ate.
740 2136 785 2189 lib.
799 2137 857 2188 xv.
872 2153 894 2191 c.
909 2134 967 2202 mi.

144 2304 166 2362 l.
183 2300 211 2364 1.
232 2267 340 2366 Credo
365 2320 423 2380 ego
443 2321 516 2379 vos,
543 2303 676 2378 iudices,
703 2302 805 2363 mirari
833 2302 907 2380 quid
930 2303 970 2365 sit
991 2306 1083 2380 quod,

61 2405 156 2466 quum
178 2395 222 2448 tot
243 2389 352 2449 summi
373 2396 511 2448 oratores
531 2387 733 2462 hominesque
753 2386 934 2448 nobilissimi
947 2387 1084 2459 sedeant,

61 2490 119 2548 ego
138 2469 329 2546 potissimum
345 2471 543 2544 surrexerim,
559 2471 725 2546 quinoque
741 2477 839 2531 aetate
851 2487 952 2547 neque
962 2471 1083 2545 ingenio

62 2571 163 2630 neque
189 2556 366 2617 auctoritate
389 2555 446 2616 sim
474 2571 541 2615 cum
566 2554 631 2629 his,
662 2554 714 2630 qui
741 2555 882 2626 sedeant,
907 2570 1083 2628 comparan-

62 2643 131 2701 dus.
160 2638 272 2698 Omnes
286 2639 331 2712 hi,
353 2656 432 2714 quos
447 2637 558 2698 videtis
572 2640 684 2699 adesse
699 2638 728 2698 in
743 2638 801 2698 hac
816 2654 922 2710 causa,
945 2636 1084 2696 iniuriam

61 2740 143 2784 novo
165 2724 281 2782 scetere
301 2721 463 2783 conflatam
486 2730 590 2797 putant
605 2732 745 2796 oportere
760 2721 897 2797 delendi,
921 2722 1085 2781 defendere

61 2806 122 2883 ipsi
144 2815 269 2881 propter
291 2805 478 2881 iniquitatem
496 2812 666 2881 temporum
686 2821 747 2866 non
768 2806 890 2866 audent.
933 2804 978 2863 lta
997 2803 1031 2865 lit
1053 2811 1087 2865 ut

62 2888 179 2963 adsint,
200 2898 362 2965 propterea
385 2890 468 2964 quod
488 2889 622 2949 ollieium
643 2897 825 2964 sequuntur,
845 2896 966 2948 taceant
985 2897 1085 2948 autem
1119 2918 1130 2941 ι

62 2972 193 3041 idcireo,
216 2973 287 3048 quia
308 2972 475 3048 perieulum
492 2971 595 3033 vitant.
638 2969 667 3031 ἓ.
692 2973 768 3045 Quid
789 2978 884 3046 ergot
907 2971 1084 3032 Audacissi-

63 3074 131 3118 mus
153 3065 272 3131 ego‘ex
295 3057 455 3117 omnibus?
481 3055 612 3115 Minime.
643 3058 684 3116 At
703 3064 786 3116 tanto
808 3053 977 3115 officiosior
994 3071 1085 3130 quam

64 3139 198 3203 caeteril
227 3140 272 3200 Ne
294 3137 381 3200 istius
403 3139 526 3215 quidem
547 3137 645 3199 laudis
662 3140 702 3199 ita
717 3155 783 3199 sum
798 3136 943 3213 cupidus,
966 3147 998 3198 ut
1017 3137 1084 3197 aliis

64 3242 132 3286 earn
154 3231 344 3301 praereptam
358 3223 457 3284 velim.
486 3225 568 3297 Quae
583 3238 631 3281 me
646 3221 735 3296 igitur
747 3237 798 3282 res
814 3231 936 3295 praeter
949 3229 1095 3306 meumes

64 3309 180 3383 impulit
192 3317 224 3368 ut
237 3322 362 3368 eausam
373 3305 445 3369 Sex.
456 3307 567 3371 Roscii
579 3306 780 3384 reciperem‘l
803 3295 1154 3402 deam'wueffihgw

52 3407 119 3449 rum
136 3389 279 3465 dixisset,
306 3409 390 3470 quos
408 3392 524 3460 videtis
543 3396 686 3471 adesse,
702 3390 741 3453 ἰιι
754 3386 882 3465 mutnus
893 3372 1091 3439 gemtum
