2384 3766
393 194 474 255 CAP.
493 200 622 256 rt—to.
644 198 671 261 S·
686 199 816 256 55-62
1076 191 1117 258 17

93 346 208 411 tionem
221 346 340 421 dilexit,
362 344 450 407 cuius
462 344 609 420 splendor
625 343 725 406 omnis
739 343 788 405 his
805 342 942 406 moribus
955 343 1116 408 obsolevit.

90 436 134 493 At
148 432 174 492 si
187 430 218 491 in
233 447 328 493 causa
341 431 408 506 pari
426 427 585 488 discedere
599 426 724 489 interior
739 427 906 502 videretur,
920 437 1020 490 tamen
1034 439 1118 490 esset
1160 436 1165 445 '

92 532 155 576 non
175 514 368 577 mediocriter
393 512 656 587 conquerendum,
682 511 814 572 nuncin
839 528 932 573 causa
960 513 1118 588 superiore

92 615 132 658 ne
153 606 186 660 ut
205 614 261 674 par
282 597 406 672 quidem
419 596 458 656 sit
476 597 628 673 postulat,
649 594 823 656 inleriorem
836 611 909 656 esse
924 596 981 674 [se]
997 595 1117 670 patitur,

92 682 250 743 dumtaxat
265 696 366 756 usque
381 695 434 754 eo,
454 695 493 739 ne
511 695 581 740 curn
593 679 698 753 bonis,
721 680 801 739 lame
817 679 1008 755 fortunisque
1023 680 1118 739 omni·

93 766 152 827 bus
168 765 241 841 Sex.
256 762 363 824 Naevii
377 761 534 839 cupiditati
547 761 777 838 crudelitatique
793 763 929 823 dedatur.

174 842 253 909 XIX.
268 847 320 910 60.
334 847 446 921 Docui,
461 848 544 922 quod
558 845 688 925 primum
699 845 853 922 pollicitus
865 863 946 918 sum,
963 846 994 906 C.
1005 845 1118 921 Aquili,

92 949 221 993 causam
239 929 361 991 omnino
379 946 433 991 cur
448 930 619 1007 postularet
632 946 694 990 non
713 930 825 1004 luisse,
849 930 932 1005 quod
950 930 1051 1006 neque
1065 947 1118 1004 pe·

92 1016 185 1078 curria
200 1014 381 1087 debebatur,
403 1013 475 1075 etsi
491 1013 622 1075 maxime
638 1014 814 1086 deberetur,
833 1013 1029 1075 commissum
1045 1013 1119 1073 nihil

92 1109 194 1172 esset,
210 1114 271 1173 qua
284 1113 318 1158 re
331 1098 370 1157 ad
384 1095 473 1158 istam
483 1096 631 1157 rationem
646 1096 863 1171 perveniretur.
882 1098 1012 1157 Attende
1027 1113 1118 1169 nunc,

92 1200 134 1242 ex
155 1181 254 1243 edicto
275 1179 424 1257 praetoris
444 1181 526 1242 bona
546 1179 579 1239 P.
595 1179 730 1254 Quinctii
745 1179 899 1255 possideri
920 1181 1002 1241 nullo
1025 1180 1118 1241 modo

92 1264 244 1342 potuisse.
278 1264 384 1326 Recita
399 1263 545 1325 edictum=
565 1280 615 1333 our
635 1278 856 1324 mnunnrrorrrs
878 1279 975 1324 cnusn
995 1280 1117 1322 currun-

92 1366 154 1408 nrr.
182 1349 247 1408 Non
263 1348 350 1410 estis
365 1346 538 1422 Quinctius,
559 1347 620 1408 nisi
642 1349 669 1409 si
683 1347 816 1422 latitent,
837 1345 889 1422 qui
903 1348 944 1407 ad
957 1346 1119 1422 negocium

94 1449 187 1494 suum
200 1432 305 1493 relicto
324 1438 522 1507 procuratore
536 1431 782 1507 proficiscuntur.
811 1446 858 1490 cur
878 1446 973 1490 nunes
992 1447 1052 1489 nou
1066 1446 1118 1489 nx-

95 1531 209 1576 srnerr.
244 1516 288 1599 lie
311 1514 339 1577 is
361 1513 494 1590 quidem.
522 1531 572 1583 our
592 1530 705 1576 exsrtu
726 1531 823 1574 cnosn
846 1529 943 1574 sotum
964 1530 1119 1572 vsammr.

93 1597 161 1660 Dici
174 1598 206 1659 id
220 1617 279 1661 non
296 1606 407 1674 potest
441 1614 491 1666 our
504 1615 619 1659 nessus
640 1613 752 1658 ruorcro
770 1612 916 1657 nersusus
931 1612 990 1657 non
1005 1612 1119 1656 rusam.

95 1682 160 1757 Quo
181 1690 319 1758 tempore
334 1680 491 1744 existimas
507 1680 696 1758 oportuisse,
719 1680 831 1755 Naevi,
852 1681 1010 1743 absentem
1031 1680 1119 1755 Quin·

95 1766 185 1827 ctium
209 1763 332 1826 delendi
352 1773 405 1827 aut
429 1767 606 1840 quomodo?
641 1766 730 1839 Tum,
752 1782 846 1841 quum
867 1765 1065 1840 postulabas,
1087 1772 1122 1824 ut

95 1850 177 1910 bona
191 1850 387 1926 possideres,
414 1866 504 1910 nemo
527 1849 633 1910 adluit.
667 1850 773 1925 Neque
791 1847 871 1910 enim
892 1851 1055 1925 quisquam
1076 1847 1120 1909 di·

95 1933 199 1994 vinare
218 1941 337 2010 poterat
360 1942 389 1993 te
409 1933 630 2008 postulaturum
652 1948 753 2007 neque
775 1949 958 2008 quemquam
978 1932 1122 1993 attinebat

94 2016 127 2076 id
141 2032 300 2087 recusare,
316 2017 400 2092 quod
413 2024 537 2093 praetor
555 2034 617 2077 non
633 2016 714 2090 fieri,
736 2017 793 2077 scd
814 2032 853 2075 ex
867 2016 967 2077 edicto
983 2031 1040 2077 suo
1054 2015 1121 2076 lieri

98 2099 245 2159 iubebat·
261 2098 311 2162 61.
333 2097 391 2173 Qui
411 2101 499 2161 locus
516 2099 606 2174 igitur
626 2101 761 2161 absentis
775 2099 959 2160 defendendi
976 2115 1120 2175 procura·

94 2180 154 2243 tori
177 2181 291 2257 primus
313 2183 402 2245 datus
425 2191 493 2245 estt
519 2183 616 2258 Quum
640 2183 865 2260 proscribebas.
907 2183 988 2257 Ergo
1010 2182 1120 2243 adluit=

96 2282 158 2326 non
181 2281 292 2340 passus
310 2274 373 2327 estc
401 2265 522 2329 libellos
545 2267 655 2329 deiecit
669 2267 742 2327 Sex.
757 2268 895 2327 Allenus.
927 2266 984 2341 Qui
1004 2266 1120 2341 primus

97 2357 162 2410 erat
183 2349 276 2409 officit
296 2351 426 2424 gradus,
446 2359 586 2412 servatus
607 2359 654 2412 est
674 2359 904 2427 aprocuratore
920 2367 1037 2411 summa
1052 2365 1120 2410 cum

97 2432 260 2507 diligentia.
296 2435 462 2495 Videamus
485 2450 566 2511 quae
586 2434 697 2494 deinde
720 2435 780 2495 sint
802 2443 976 2495 consecuta.
1018 2432 1120 2493 Homi-

98 2532 168 2576 nem
187 2516 219 2575 Ρ.
234 2514 362 2588 Quinctii
377 2516 582 2593 deprehendis
605 2519 634 2578 in
652 2517 789 2593 publico=
816 2518 936 2579 conaris
957 2517 1119 2578 abducere.

47 2626 57 2667 ‚-
96 2600 163 2662 Non
184 2598 295 2675 patitur
310 2601 454 2661 Alfenus:
477 2602 509 2661 vi
525 2601 579 2662 tibi
594 2600 710 2663 adimit:
739 2609 825 2663 curat
842 2610 876 2662 ut
890 2603 1014 2663 domum
1030 2599 1119 2659 redu-

98 2693 184 2745 catur
200 2683 240 2742 ad
258 2682 437 2756 Quinctium.
465 2684 522 2745 Hic
539 2701 663 2760 quoque
677 2702 794 2746 summe
812 2694 931 2746 constat
944 2689 1119 2761 procurato-

82 2767 139 2827 'ris
157 2765 309 2842 diligentis
326 2768 468 2828 officium.
500 2769 618 2829 Debere
638 2768 691 2828 tibi
711 2768 788 2828 dicis
803 2767 988 2843 Quinctium:
1011 2781 1122 2843 procu-

66 2888 70 2899 ·
97 2860 180 2911 rator
200 2858 300 2927 negat.
330 2850 445 2913 Vadari
463 2851 524 2912 vis:
545 2851 699 2928 promittit
728 2853 761 2911 ln
776 2852 824 2914 ius
840 2868 950 2914 vocas=
974 2849 1120 2924 sequitur.

97 2933 245 2994 Iudicium
268 2934 420 3010 postulas:
449 2952 511 2996 non
532 2943 662 2996 recusat.
706 2935 783 3010 Quid
803 2936 886 2996 atiud
906 2934 946 2994 sit
965 2934 1121 2994 absentem
1155 2954 1160 2963 ·

98 3016 222 3078 delendi
247 3034 304 3092 ego
329 3034 390 3078 non
414 3017 560 3094 intelligo.
597 3018 647 3082 62.
669 3020 710 3079 At
738 3019 807 3095 quis
833 3026 897 3079 erat
920 3023 1121 3092 procuratore

69 3108 72 3113 '
100 3101 198 3162 Credo
220 3100 352 3176 aliquem
368 3101 497 3163 eiectum
512 3100 678 3175 hominem,
698 3111 850 3178 egentem,
871 3099 1050 3176 litigiosum,
1067 3099 1120 3158 irn-

47 3182 72 3251 .'
99 3185 244 3260 probum,
271 3183 323 3260 qui
345 3194 451 3260 posset
474 3202 596 3246 scurrae
616 3184 718 3247 divitis
739 3185 922 3246 cotidianum
950 3182 1120 3246 convicium

47 3266 49 3273 '
99 3267 260 3329 sustinere.
290 3268 368 3328 Nihil
389 3269 497 3329 minus.
527 3270 630 3345 Eques
649 3271 805 3330 Romanus
825 3268 1061 3349 locuplemxb
1069 3281 1130 3341 maj

47 3398 49 3431 ,
99 3351 180 3426 gocii
201 3352 280 3413 bene
295 3359 424 3430 gerens,
443 3352 581 3432 denique
599 3353 649 3430 is,
670 3369 787 3431 quem,
803 3342 1189 3440 mammaeam}

92 3434 225 3578 Gallici}
227 3440 391 3511 protectus
409 3449 475 3522 est,
489 3421 1048 3549 procuratoremtxomuenexngsm·
1059 3399 1147 3457 Ὦ»

122 3532 178 3575 cic.
222 3533 277 3586 .1,
495 3532 499 3539 ’
