2370 3780
65 171 86 237 a
153 140 157 149 ’
325 171 398 235 nuo
418 172 450 232 e.
472 173 645 247 ourucuo
669 172 819 235 caluo.

66 341 177 385 annum
198 333 227 384 et
246 341 302 385 sex
322 341 444 385 menses
467 323 540 384 nihil
562 325 650 400 petit:
680 324 823 401 quiescit:
853 324 1088 389 condicionibus

66 409 146 468 hunc
161 411 264 484 quoad
279 416 380 483 potest
401 409 553 483 producit:
577 426 595 468 a
615 411 666 469 Cu.
680 410 837 470 Dolabella
851 409 984 484 denique
997 428 1088 487 prae-

66 500 131 552 tore
147 495 294 567 postulat,
315 500 348 551 ut
361 492 424 552 sibi
434 492 588 565 Quinctius
603 492 765 554 iudicatum
781 493 860 554 solvi
874 493 948 554 satis
963 494 1029 568 det,
1048 511 1090 555 ex

66 576 208 636 formula:
241 591 316 644 ouon
338 592 377 632 xc
401 591 439 634 no
466 591 573 648 ncrxr,
598 593 703 643 QUOIUS
723 593 762 634 nx
789 592 893 637 nurcro
920 593 1088 638 nnxnrorus

66 675 146 719 noua
160 677 226 719 nrns
241 676 304 717 xxx
319 671 464 718 rossnssx
481 675 554 718 smr.
582 660 649 719 Non
669 661 830 720 recusabat
842 659 998 734 Quinctius
1014 660 1088 736 quin

66 744 107 803 ita
128 740 295 802 satisdare
316 742 446 813 iuberet,
473 741 499 801 si
520 743 601 801 bona
622 759 771 818 possessa
793 753 897 804 essent
917 760 956 804 ex
976 745 1087 806 edicto.

65 827 222 886 Decernit:
238 842 328 900 quam
341 842 471 901 aequum
488 825 560 884 nihil
576 826 659 899 dico,
677 843 769 885 unum
784 827 843 888 hoc
858 827 942 888 dico:
958 845 1087 890 novum:

66 918 95 971 et
110 908 168 969 hoc
182 910 282 985 ipsum
299 907 431 969 tacuisse
446 910 579 982 mallem,
596 909 738 985 quoniam
753 917 912 986 utrumque
928 910 1028 987 quivis
1043 910 1088 973 in-

53 988 199 1068 telligere
216 991 377 1068 potuisset:
395 992 477 1075 iubet
490 992 521 1051 P.
538 993 706 1066 Quinctium
723 993 919 1068 sponsionem
933 1012 1002 1055 oum
1015 995 1088 1055 Sex.

64 1077 178 1136 Naevio
197 1077 310 1136 facere:
340 1093 368 1135 sr
379 1092 460 1136 noua
475 1093 532 1155 sun
548 1094 588 1136 nx
603 1093 707 1136 smero
723 1094 748 1136 P.
766 1093 905 1137 cucurum
922 1095 1087 1141 naunrours

65 1176 132 1220 nucs
146 1178 210 1220 xxx
225 1177 372 1221 possessu
387 1176 447 1220 nou
460 1177 577 1221 ussum.
606 1161 800 1222 Recusabunt
815 1164 867 1236 qui
885 1163 1010 1223 aderaut
1024 1172 1088 1223 tum

66 1243 219 1318 Quinctio:
247 1245 495 1306 demonstrabant
516 1245 554 1305 de
575 1262 608 1305 re
628 1244 772 1305 iudicium
793 1243 859 1304 fieri
876 1255 1032 1320 oportere,
1054 1256 1088 1307 ul

65 1335 117 1387 aut
133 1337 258 1404 uterque
273 1329 349 1390 inter
366 1346 400 1388 se
415 1335 466 1388 aut
476 1336 582 1389 neuter
593 1329 666 1389 satis
683 1330 781 1389 daret:
797 1344 858 1389 non
873 1346 1002 1390 necesse
1017 1346 1088 1390 esse

65 1413 174 1471 lainam
188 1413 311 1473 alterius
330 1413 358 1471 in
374 1412 517 1472 iudicium
533 1411 645 1473 venire.
672 1411 721 1474 31.
744 1413 896 1474 Clamabat
912 1431 1003 1489 porro
1019 1413 1088 1488 ipse

66 1494 221 1568 Quinctius
244 1514 313 1557 sese
334 1496 448 1556 idcirco
471 1497 551 1557 nolle
571 1495 645 1557 saus
667 1496 755 1571 dare,
780 1514 818 1557 ne
841 1497 992 1557 videretur
1010 1497 1086 1557 iudi-

65 1595 155 1640 casse
171 1580 251 1640 bona
266 1599 323 1642 sua
338 1598 376 1641 ex
391 1579 491 1640 edicto
504 1596 653 1654 possessa
669 1597 754 1640 esse:
776 1579 974 1654 sponsionem
993 1596 1087 1655 porro

66 1661 93 1723 si
114 1663 202 1724 istius
223 1664 305 1725 modi
327 1667 455 1735 laceret,
476 1680 524 1736 se,
544 1664 576 1722 id
597 1664 679 1738 quod
702 1680 781 1724 nunc
797 1663 913 1735 evenit,
934 1663 1087 1737 decapite

66 1763 122 1806 suo
141 1746 242 1821 priore
257 1749 326 1808 loco
340 1764 464 1807 causam
478 1763 548 1807 esse
567 1748 723 1807 dicturum.
751 1748 922 1821 Dolabella,
943 1747 1087 1822 quemad-

65 1831 189 1890 modum
204 1833 303 1892 solent
317 1830 455 1891 homines
470 1829 603 1904 nobiles,
624 1847 679 1891 seu
699 1840 781 1891 recte
799 1848 854 1890 seu
871 1848 1030 1906 perperam
1045 1831 1057 1889 f
1077 1857 1085 1871 ·

67 1930 137 1974 cere
157 1924 336 1989 coeperunt,
361 1914 403 1974 ita
422 1913 451 1973 in
475 1924 606 1989 utroque
625 1916 790 1987 excellunt,
819 1923 851 1974 ut
871 1931 958 1974 uemo
982 1923 1086 1975 nostro

67 1997 136 2058 loco
152 2007 240 2059 natus
255 1998 384 2074 adsequi
399 1998 512 2073 possit,
533 1996 670 2058 iniuriam
686 2000 787 2057 facere
804 1997 967 2079 fortissime
982 2013 1087 2071 perse-

66 2089 164 2142 uerat:
191 2090 242 2141 aut
259 2082 333 2143 satis
346 2084 431 2142 daret
443 2090 495 2142 aut
507 2081 703 2157 sponsionem
716 2081 799 2142 iubet
813 2083 913 2141 facere
928 2091 958 2142 et
972 2081 1088 2142 interea

65 2175 243 2226 recusantes
261 2174 384 2226 nostros
399 2166 565 2225 advocatos
580 2165 726 2225 acerrime
743 2164 947 2237 submoveri.⁸

79 2306 81 2311 ,
149 2250 197 2309 ΙΧ.
212 2246 262 2309 32.
285 2249 486 2310 conturbatus
501 2265 576 2308 sane
591 2247 720 2308 discedit
734 2247 903 2320 Quinctius:
920 2263 1020 2323 neque
1033 2248 1087 2307 mi·

66 2349 148 2402 rum,
171 2333 219 2392 cui
240 2333 316 2392 haec
339 2333 421 2408 optio
437 2341 497 2392 tam
516 2332 626 2392 misera
641 2340 763 2406 tamque
782 2331 887 2405 iniqua
901 2331 1037 2405 daretur,
1055 2339 1088 2391 ul

66 2425 118 2477 aut
139 2415 255 2490 ipsese
271 2416 378 2491 capitis
395 2417 562 2488 damnaret,
585 2415 611 2475 si
632 2415 705 2476 satis
721 2415 872 2486 dedisset,
896 2423 948 2474 aut
963 2432 1087 2475 causam

67 2499 190 2574 capitiS,
211 2499 237 2559 si
252 2498 450 2574 sponsionem
471 2499 610 2568 fecisset,
633 2500 733 2573 priore
754 2499 823 2558 loco
840 2497 962 2559 diceret.
990 2500 1086 2572 Quum

66 2581 97 2641 in
111 2586 250 2644 alterare
266 2598 359 2642 causa
373 2583 445 2643 nibil
460 2591 543 2642 essct
555 2581 626 2658 quin
643 2598 733 2643 secus
745 2579 892 2642 iudicaret
905 2580 972 2661 ipse
988 2584 1026 2642 de
1042 2598 1086 2653 se,

68 2667 151 2740 quod
168 2665 310 2726 iudicium
328 2665 539 2740 gravissimum
561 2673 622 2738 est,
646 2665 676 2724 in
697 2666 791 2724 altera
806 2680 878 2738 spes
893 2667 1029 2727 essetad
1043 2674 1085 2725 ta-

66 2751 126 2808 lem
147 2758 245 2810 tamen
266 2749 362 2809 virum
382 2749 511 2809 iudicem
532 2749 690 2822 veniendi,
705 2749 788 2808 unde
810 2764 847 2808 eo
866 2750 935 2822 plus
951 2749 1019 2823 opis
1034 2765 1086 2806 au-

67 2833 172 2905 ferret,
191 2851 251 2908 quo
267 2833 365 2907 minus
381 2831 531 2893 attulisset
545 2833 673 2907 gratiae,
695 2832 892 2907 sponsionem
910 2834 1010 2892 lacere
1024 2847 1085 2889 ma-

67 2916 134 2976 luit:
151 2917 230 2977 lecit.
263 2918 304 2976 Te
316 2916 461 2988 iudicem,
480 2914 511 2975 C.
525 2916 644 2991 Aquili,
660 2915 803 2991 sumpsit:
828 2933 866 2975 ex
882 2933 997 2992 sponso
1016 2913 1086 2989 egil.

66 3000 100 3057 ln
113 2998 172 3059 boo
188 3017 304 3060 summa
318 2999 420 3060 iudicii
435 3015 590 3074 causaque
604 3007 666 3060 tota
681 2997 828 3059 consistit.

150 3080 200 3141 33.
218 3083 364 3145 Iudicium
376 3099 461 3153 esse,
477 3083 508 3141 C.
524 3082 641 3157 Aquili,
657 3097 717 3142 non
733 3084 771 3142 de
783 3099 816 3141 re
827 3083 1015 3157 pecuniaria,
1031 3083 1086 3143 sed

65 3169 106 3226 de
128 3167 206 3226 fama
228 3165 418 3242 fortunisque
438 3167 469 3225 P.
494 3165 623 3240 Quinctii
645 3165 742 3226 vides.
779 3166 875 3239 Quum
897 3167 1027 3227 maiores
1046 3166 1087 3224 ita

67 3250 290 3323 constituerint,
310 3259 343 3311 ut
364 3251 416 3326 qui
436 3267 492 3325 pro
516 3250 615 3326 capite
636 3249 763 3323 diceret,
784 3249 810 3309 is
828 3250 995 3326 posteriore
1018 3251 1085 3310 loco

66 3335 195 3406 diceret,
215 3350 273 3394 nos
292 3332 425 3394 inaudita
439 3333 647 3395 criminatione
665 3341 876 3394 accusatorum
897 3333 997 3408 priore
1018 3332 1085 3392 loco

64 3432 190 3479 causam
206 3416 308 3478 dicere
322 3418 474 3493 intelligis.
501 3417 564 3478 Eos
580 3432 672 3492 porro
679 3462 687 3491 ,
710 3416 762 3492 qui
777 3418 940 3480 defendere
957 3431 1086 3476 consue-
