2370 3780
120 177 161 240 42
280 175 353 238 PRO
377 176 460 237 SEX.
475 175 612 237 ROSCIO
632 175 807 237 amuutrto
831 175 981 238 ORA.T10

121 339 153 391 et
166 331 204 389 de
222 328 349 391 caeteris
368 330 477 390 talibus
492 327 564 389 viris
576 284 802 390 existimabant.
838 330 944 405 ltaque
967 348 1008 392 ex
1022 329 1143 393 minima

120 413 361 489 tenuissimaque
375 429 408 473 re
425 413 548 489 publica
563 412 724 472 maximam
744 422 775 474 et
794 412 1040 475 florentissimam
1054 416 1142 477 nobis

121 496 317 572 reliquerunt.
353 495 433 558 Suos
451 497 531 557 enim
546 513 637 570 agros
657 496 794 557 studiose
817 497 969 571 colebant,
991 515 1053 559 non
1072 499 1142 560 alie·

121 597 180 641 nos
198 581 307 657 cupide
324 580 522 656 appetebant:
547 579 658 654 quibus
672 580 764 640 rebus
782 589 812 641 et
825 580 906 655 agris
928 591 958 642 et
970 580 1098 660 urbibus
1114 592 1142 643 et

121 663 294 725 nationibus
314 681 377 724 rem
399 663 549 738 publicam
567 671 659 737 atque
673 663 732 723 hoc
746 663 904 738 imperium
919 674 948 726 et
961 665 1070 741 populi
1083 668 1141 727 Ro-

120 748 201 808 mani
215 754 324 809 nomen
341 754 499 807 auxerunt.
527 743 577 807 51.
598 747 704 822 Neque
718 763 775 821 ego
791 748 867 807 haec
880 764 917 809 eo
932 751 1064 823 profero,
1082 766 1141 825 quo

15 856 26 879 ·
122 833 307 894 conterenda
322 831 381 891 sint
396 847 464 890 cum
481 828 581 901 hisce,
598 831 637 890 de
654 829 764 905 quibus
780 847 860 891 nunc
876 831 1065 906 quaerimus,
1087 834 1142 893 sed

120 926 154 977 ut
173 914 247 976 illud
262 915 427 988 inteiligas,
454 931 547 989 quum
568 915 651 990 apud
670 913 801 974 maiores
820 923 942 976 nostros
964 915 1072 976 summi
1087 915 1142 975 viri

121 998 341 1072 clarissimique
367 997 521 1070 homines,
545 997 597 1074 qui
618 997 700 1059 omni
721 1006 861 1094 tempore·
876 1000 916 1058 ad
939 1000 1142 1074 gubernacula

120 1101 164 1142 ιει
156 1081 320 1158 publicae
335 1083 442 1142 sedere
458 1081 624 1154 debebant,
639 1081 783 1142 tamenin
798 1082 880 1156 agris
896 1100 1032 1179 quoque
1038 1085 1139 1143 colen-

15 1164 63 1233 „i-
121 1165 375 1250 disemum-num
387 1181 499 1242 operae
516 1164 999 1241 temporisqueconsumpserint,
1024 1165 1141 1240 ignosci

29 1248 66 1289 ³¹
122 1257 263 1324 oportere
284 1249 312 1310 ei
333 1242 462 1324 homini,
492 1249 544 1325 qui
568 1266 602 1309 se
621 1251 749 1309 fateatur
770 1265 841 1309 esse
860 1248 1020 1344 rusticum,
1051 1266 1141 1324 quum

120 1332 183 1393 ruri
202 1333 348 1394 adsiduus
371 1349 491 1408 semper
511 1332 634 1392 vixerit:
657 1350 749 1407 quum
772 1341 909 1408 praesent
910 1331 949 1391 im
969 1332 1042 1392 nihil
1060 1340 1142 1393 esset

122 1417 205 1492 quod
226 1425 277 1478 aut
296 1416 375 1493 patri
394 1416 508 1493 gratius
531 1424 583 1477 eut
600 1415 658 1476 sibi
672 1415 833 1476 iucundius
848 1424 899 1477 aut
912 1432 946 1475 rc
960 1432 1034 1476 vera
1048 1416 1140 1476 hone·

121 1501 197 1561 stius
222 1501 322 1561 lacere
343 1508 459 1575 posset.
501 1498 551 1561 52.
574 1498 682 1559 Odium
702 1499 791 1574 igitur
810 1500 987 1559 acerrimum
1002 1498 1096 1573 patris
1111 1499 1142 1558 in

120 1584 216 1645 lilium
237 1600 276 1644 ex
301 1585 376 1658 hoc,
399 1585 522 1660 opinor,
545 1583 728 1655 ostenditur,
749 1583 855 1657 Eruci,
876 1582 959 1658 quod
981 1583 1061 1642 hunc
1079 1582 1141 1642 ruri

120 1684 192 1728 esse
214 1668 390 1742 patiebatur
431 1666 584 1742 Numquid
604 1675 650 1727 est
669 1666 772 1727 aliud't
802 1668 895 1726 lmmo
918 1680 1007 1739 vero,
1035 1665 1142 1741 inquit,

49 1788 52 1797 ·
120 1760 182 1820 est;
198 1767 268 1810 nam
284 1750 375 1810 istum
390 1750 599 1810 exheredare
592 1769 622 1810 m
639 1749 739 1811 animo
755 1750 894 1810 habebat.
922 1749 1038 1811 Audio:
1059 1765 1140 1830 nunc

120 1833 197 1893 dicis
219 1833 335 1908 aliquid
356 1835 440 1908 quod
461 1835 579 1894 adrem
593 1834 750 1930 pertineat.
772 1835 858 1895 Nam
874 1833 939 1906 illa,
960 1832 1085 1908 opinor,
1107 1841 1151 1892 ιιι

120 1933 244 1992 quoque
255 1918 399 1978 concedis
410 1917 490 1978 levia
502 1933 572 1978 esse
583 1912 674 1992 etque
686 1904 796 1992 in'epta'.
804 1916 997 1978 -convivia
1008 1933 1077 1978 cnm
1088 1933 1140 1992 pa-

119 2008 165 2060 ire
177 2016 237 2061 non
248 2000 351 2063 inibat.
357 2001 541 2077 -Quippe3
555 2001 607 2076 qui
618 2017 656 2060 ne
667 2001 697 2066 in
711 2002 856 2076 oppidum
870 1999 1033 2075 quidem
1004 2001 1062 2059 nisi
1073 2016 1140 2074 per

77 2120 85 2131 ·
118 2100 188 2144 raro
202 2085 326 2146 veniret.
343 2117 381 2129 -
404 2087 532 2147 Domum
556 2102 643 2145 suam
656 2084 748 2145 istum
758 2103 819 2146 non
835 2087 898 2144 iere
912 2082 1073 2158 quisquam
1087 2100 1139 2143 vo-

120 2167 217 2227 cabat.
238 2201 281 2212 -
301 2169 363 2228 Nec
378 2169 499 2241 mirum,
521 2168 573 2244 qui
591 2185 690 2244 neque
709 2169 740 2228 in
760 2170 835 2229 urbe
850 2168 965 2228 viveret
978 2184 1079 2242 neque
1092 2183 1140 2226 re-

72 2293 80 2311 .
119 2259 282 2313 vocaturus
309 2259 402 2313 esset.
382 2253 526 2313 tXlX.
552 2254 666 2313 Verum
691 2253 807 2312 haect
795 2260 828 2312 ιιι
852 2267 974 2327 quoque
998 2249 1138 2324 intelligis

119 2349 191 2394 esse
205 2335 371 2420 nugatoria.
399 2337 490 2410 Illud,
513 2336 602 2432 quod·
611 2335 784 2410 coepimus,
802 2335 975 2407 rideamne,
997 2351 1057 2409 quo
1076 2350 1138 2393 εει·-

118 2419 178 2477 tius
199 2429 406 2494 argumentum
427 2420 490 2481 odii
504 2419 630 2494 reperiri
651 2420 838 2480 nullomodo
854 2425 964 2493 potest
1006 2416 1057 2479 53.
1079 2417 1137 2475 Ex-

118 2501 266 2564 heredare
293 2511 379 2577 pater
403 2504 497 2564 filium
525 2505 683 2577 cogitabat
730 2505 814 2564 Mitto
842 2518 987 2577 quaerere
1015 2501 1138 2576 quade

119 2601 227 2645 cause:
249 2603 363 2661 quaero
381 2586 433 2662 qui
448 2588 544 2648 scias:
564 2587 710 2649 tametsit
698 2588 843 2648 idiceree
858 2594 949 2661 atque
963 2599 1138 2646 anurnerare

119 2683 230 2730 causas
242 2687 348 2732 omnes
365 2679 453 2745 oport
442 2671 537 2743 t‚ebat
553 2678 583 2731 et
593 2671 624 2730 id
637 2679 700 2732 erat
713 2672 784 2731 certi
795 2671 983 2730 accusatoris
996 2686 1013 2729 0
1017 2668 1137 2739 ilicium,

27 2773 28 2777 ¹
119 2752 171 2824 qui
188 2753 262 2814 tanti
280 2755 405 2814 sceleris
420 2762 573 2828 argueret,
589 2755 742 2829 explicare
760 2755 860 2815 omnia
875 2752 953 2815 vitia
961 2761 991 2812 ιι
993 2768 1056 2847 que
1066 2767 1137 2824 pec·
1144 2818 1172 2837 ¹¹,

118 2842 186 2894 cata
200 2837 268 2910 filii,
285 2838 417 2914 quibus
409 2854 553 2898 incensus
567 2855 679 2913 patens
694 2838 823 2913 potuerit
840 2825 1137 2904 animumln'du'ce'ie,

118 2924 151 2976 ut
164 2928 301 2981 naturam
314 2921 412 2996 ipsam
425 2921 574 2992 vinceret,
591 2930 623 2981 ut
637 2938 769 2982 amorem
782 2923 863 2981 illum
879 2921 998 2996 penitus
1015 2917 1137 2978 insitum

118 2999 241 3065 eiiceret
257 3023 296 3064 ex
310 3005 427 3079 animo,
446 3011 479 3066 ιιι
493 3005 625 3080 denique
640 3015 754 3079 patrem
773 3021 842 3065 esse
860 3022 930 3067 sese
943 3001 1136 3064 obliviscere-

116 3091 180 3143 tur=
207 3105 286 3162 quae
307 3090 372 3150 sine
392 3088 510 3164 magnis
530 3087 657 3149 huiusce
677 3087 811 3162 peccatis
835 3089 975 3148 accidere
998 3085 1136 3161 potuisse

117 3182 180 3227 non
204 3171 340 3233 arbitror
380 3156 432 3234 54.
454 3175 568 3232 Verum
593 3173 729 3232 concedo
754 3170 807 3231 tibi
833 3181 866 3232 ut
892 3172 1136 3245 capraemons,

118 3267 198 3325 quae
220 3273 310 3330 quum
330 3262 429 3328 taces,
451 3258 534 3316 nulla
553 3270 625 3317 esse
629 3253 798 3339 concedis
832 3255 918 3317 Illum
941 3255 1062 3331 quidem
1083 3268 1135 3312 vo-

116 3334 213 3398 luisse
227 3339 413 3401 exheredare
428 3347 542 3401 certet
544 3328 712 3414 uplanum
720 3322 826 3398 lac'ere
836 3338 942 3400 debes.
970 3337 1048 3409 Quid
1062 3350 1137 3410 ergo

117 3420 220 3482 adfers
243 3438 338 3498 quare
356 3423 388 3484 id
411 3424 523 3485 lactum
540 3428 704 3499 putemusr
736 3423 818 3482 Vere
833 3423 906 3485 nihil
921 3428 1009 3496 potes
1025 3421 1136 3483 dicere
