2370 3780
75 207 116 270 36
233 208 306 271 PRO
328 208 411 270 SEX.
428 209 567 270 ROSCIO
587 207 761 270 AMERINO
784 203 936 270 ORATIO.

72 361 123 422 ille
145 363 353 438 pertimuerat,
371 370 404 423 ut
423 360 500 422 mori
518 363 620 424 mullet
637 378 728 437 quam
749 361 788 422 de
806 360 854 421 his
873 360 968 422 rebus
982 361 1096 423 Sullam

73 446 187 507 doceri.
209 447 355 517 Homines
372 444 502 521 antiqui,
527 445 579 520 qui
599 462 638 504 ex
653 462 709 505 sua
723 454 830 506 natura
846 452 985 507 caeteros
1001 447 1097 522 linge-

72 538 154 604 rent,
170 547 264 605 quunr
281 530 332 591 ille
353 529 545 589 confirmaret
565 543 635 588 sese
653 545 762 589 nomen
781 527 853 588 Sex.
867 528 974 589 Roscii
996 531 1037 590 de
1053 539 1096 592 ta-

71 614 151 674 bulis
172 621 396 688 exemptarum,
422 611 547 687 praedia
567 627 665 671 vacua
684 611 746 672 filio
767 612 959 687 traditurum,
988 630 1095 690 quum-

73 714 133 772 que
153 695 185 755 id
206 697 246 756 ita
266 699 398 757 futurum
417 695 448 754 T.
463 693 595 755 Roscius
613 693 733 770 Capito,
754 695 850 772 quiin
866 697 1095 774 dcccmtegaus

72 787 152 852 erat,
168 780 412 855 appromitteret‚
426 778 632 840 erediderunt:
656 778 807 840 Ameriam
821 796 855 840 re
865 779 982 841 inorata
992 797 1094 842 rever·

71 871 179 925 terunt.
213 866 259 923 Ac
275 862 372 939 primo
394 879 458 923 rem
476 861 597 923 differre
619 861 729 924 cotidie
746 879 782 922 ac
797 864 1024 937 procrastinare
1044 864 1094 926 isti

72 955 251 1022 coeperunt:
272 945 382 1007 deinde
396 948 550 1022 aliquanto
565 945 690 1020 lentina,
712 944 784 1005 nihil
798 963 888 1022 agere
902 954 994 1022 atque
1009 949 1093 1009 delu-

72 1031 160 1090 deret
177 1038 332 1104 postremo
345 1063 387 1075 —
401 1031 433 1091 id
448 1031 531 1106 quod
548 1030 636 1090 lacile
649 1030 833 1091 intellectum
847 1039 894 1091 est
912 1066 948 1075 —
965 1030 1094 1093 insidias

70 1112 151 1173 vitae
165 1113 292 1174 huiusce
305 1114 376 1175 Sex.
386 1114 491 1176 Roscii
503 1131 626 1190 parare,
644 1131 745 1189 neque
759 1130 830 1174 sese
844 1114 983 1176 arbitrari
996 1132 1094 1190 posse

72 1196 184 1257 diutius
202 1197 331 1258 alien‘am
345 1197 506 1274 pecuniam
521 1198 643 1259 domino
658 1196 800 1258 incolumi
812 1198 958 1259 obtinere.
989 1198 1026 1258 X.
1040 1197 1092 1263 27.

72 1280 160 1354 Quod
182 1280 230 1342 hic
248 1281 336 1343 simui
353 1289 445 1358 atque
461 1282 570 1356 sensit,
596 1283 634 1344 de
650 1281 814 1342 amicorum
832 1293 1091 1360 cognatorumque

72 1365 220 1426 sententia
233 1367 360 1427 Romam
375 1365 511 1441 confugit
529 1375 559 1426 et
573 1382 643 1426 sese
658 1367 697 1426 ad
712 1365 871 1426 Caeciliam
893 1365 1038 1443 [Nepotis
1057 1367 1091 1428 fi-

71 1448 167 1526 liam],
182 1467 272 1525 qnam
287 1449 412 1512 honoris
424 1466 518 1511 causa
532 1449 668 1522 nomino,
686 1448 824 1524 contulit,
840 1466 901 1524 qua
914 1459 1002 1525 pater
1014 1467 1090 1512 usus

71 1541 135 1592 erat
147 1533 322 1608 plurimum:
337 1534 368 1594 in
384 1552 445 1610 qua
455 1533 595 1606 muliere,
610 1531 741 1607 indices,
753 1531 842 1594 eliam
852 1549 946 1608 nune,
961 1533 993 1594 id
1007 1535 1091 1611 quod

71 1633 178 1678 omnes
191 1634 313 1694 semper
328 1617 590 1690 existimaverunt,
607 1616 695 1693 quasi
708 1616 839 1692 exempli
854 1633 948 1678 cansa
963 1617 1091 1694 vestigia

70 1699 185 1776 antiqui
199 1701 290 1762 oiiicii
306 1709 472 1762 remanent.
498 1701 544 1760 Ee
558 1701 630 1761 Sex.
645 1700 790 1762 Roscium
807 1701 944 1777 inopem,
961 1700 1091 1763 eiectum

70 1783 160 1844 domo
183 1792 274 1859 atque
296 1786 457 1860 expulsum
478 1802 517 1844 ex
540 1783 604 1845 suis
625 1784 729 1857 bonis,
757 1783 920 1859 fugientem
940 1785 1089 1846 latronum

69 1868 130 1926 teia
142 1874 171 1927 et
185 1867 281 1929 minas
293 1867 408 1944 recepit
419 1869 539 1930 domurn
556 1867 730 1944 hospitique
742 1884 892 1944 oppresso
907 1868 968 1928 iarn
979 1870 1089 1945 despe-

69 1959 197 2025 ratoque
217 1954 255 2012 ab
278 1955 416 2013 omnibus
438 1953 582 2028 opitulata
596 1961 652 2013 est.
679 1952 753 2012 Eius
769 1951 895 2025 virtute,
922 1953 1001 2025 fide,
1024 1953 1088 2014 dili-

71 2035 171 2108 gentia
185 2037 370 2109 factumest,
390 2045 423 2098 ut
437 2037 486 2096 hic
501 2038 603 2112 potius
624 2035 712 2097 vivus
727 2036 757 2096 in
772 2052 842 2095 reos
860 2053 951 2111 quam
966 2037 1088 2100 occisus

69 2117 100 2176 in
117 2119 305 2195 proscriptos
321 2121 492 2181 referretur.
534 2116 584 2181 28.
606 2120 679 2179 Nam
696 2127 855 2195 postquam
870 2120 920 2181 isti
934 2120 1087 2182 intellexe-

67 2210 138 2262 runt
153 2219 268 2263 summa
282 2202 437 2278 diligentia
448 2202 538 2264 vitam
551 2203 621 2264 Sex.
636 2203 740 2265 Roscii
756 2203 901 2263 custodiri
916 2220 1016 2280 neque
1031 2204 1088 2266 sibi

67 2287 160 2345 ullam
175 2286 277 2348 caedis
296 2289 455 2348 faciundae
470 2295 650 2363 potestatem
665 2288 744 2359 dari,
768 2287 939 2373 consilium
941 2297 1088 2364 ceperunt

67 2372 191 2445 plenam
212 2369 337 2432 sceleris
359 2379 389 2431 et
403 2371 564 2445 audaciae,
587 2380 621 2432 ut
639 2387 750 2431 nomen
765 2358 855 2431 huir'rs
873 2372 910 2432 de
926 2373 1086 2448 parricidio

68 2455 233 2528 deferrent,
263 2463 296 2514 ut
323 2456 362 2514 ad
388 2472 454 2531 eam
478 2472 541 2516 rem
564 2457 696 2530 aliquem
721 2462 928 2516 accusatorem
955 2452 1087 2518 veterem

69 2546 293 2613 compararent,
316 2557 368 2613 qur
359 2538 423 2599 de
435 2556 471 2599 ea
487 2556 520 2598 re
536 2539 762 2612 posseldicere
779 2537 939 2613 aliquid,
931 2558 962 2599 ιιι
979 2558 1040 2616 qna
1053 2554 1086 2600 re

69 2624 150 2681 nulla
173 2622 316 2682 subesset
336 2622 487 2698 suspicio,
509 2622 640 2698 denique
658 2631 705 2694 ut,
728 2623 871 2696 quoniam
886 2622 1010 2686 crimine
1025 2642 1086 2686 non

67 2713 221 2778 poterant,
238 2713 374 2780 tempore
390 2704 459 2781 ipso
476 2716 652 2781 pugnarent.
674 2707 718 2765 Ita
732 2704 817 2780 loqui
831 2705 984 2775 homines:
1010 2709 1088 2784 qnod

69 2790 254 2849 iudicialem
274 2790 326 2848 dio
343 2789 430 2860 facta
449 2807 507 2850 oon
519 2799 627 2864 essent,
648 2792 840 2851 condemnari
858 2808 923 2851 cum
943 2800 1084 2868 oportere,

67 2875 118 2944 qm·
130 2875 248 2946 primas
268 2876 300 2932 in
313 2873 453 2933 iudicium
467 2875 612 2934 adductus
625 2883 713 2934 essct:
740 2874 810 2934 huic
823 2883 922 2935 autem
940 2885 1083 2949 patronas

67 2964 190 3028 propter
206 2956 396 3032 Chrysogoni
418 2956 530 3032 gratias
554 2957 726 3018 defuturos:
757 2959 796 3017 de
809 2958 958 3020 bonorum
980 2959 1082 3020 vendi·

66 3036 147 3097 tione
168 3047 198 3099 et
219 3041 258 3100 de
278 3040 340 3100 isla
361 3039 507 3101 societate
526 3042 652 3101 verbum
671 3056 741 3100 esse
759 3043 905 3102 iacturum
919 3043 1082 3104 neminem:

65 3120 135 3194 ipso
162 3124 283 3183 nomine
310 3122 463 3199 parricidii
490 3132 519 3184 et
546 3120 701 3185 atrocitate
724 3124 857 3186 criminis
879 3126 959 3200 lore,
982 3135 1016 3188 ut
1035 3125 1083 3186 hic

65 3205 147 3264 nullo
163 3207 291 3279 negocio
307 3209 460 3268 tolleretur
468 3225 583 3282 ,quum
597 3209 635 3268 ab
651 3209 732 3269 nulio
747 3209 892 3271 defensus
908 3219 1000 3272 esset.
1032 3209 1083 3271 29.

63 3289 130 3349 Hoc
151 3289 279 3350 consilio
300 3299 392 3366 atque
416 3291 493 3352 adeo
517 3293 575 3352 hac
595 3291 724 3352 amentia
745 3292 882 3369 impulsi,
912 3310 1003 3368 quem
1022 3291 1083 3370 ipsi

65 3389 157 3445 quum
184 3381 330 3447 cuperent
348 3392 409 3436 non
430 3383 593 3451 potuerunt
613 3374 768 3453 occidere,
795 3394 865 3439 eum
886 3377 1081 3453 iugulandum

64 3455 152 3515 robis
168 3456 391 3520 tradiderunt·
