2370 3780
378 221 458 281 CAP.
472 228 567 284 7-9.
584 225 610 286 §-
627 227 758 283 te—ao.
788 249 792 258 ·
1044 220 1085 283 35

58 384 199 438 testatem
213 377 297 435 solus
313 373 439 443 habeat,
458 388 553 446 quum
568 388 673 433 omnes
687 371 717 430 in
734 388 826 432 unum
844 378 989 446 spectent,
1005 390 1084 433 unus
1102 438 1108 460 .

59 459 162 520 omnia
182 460 344 534 gubernet,
368 472 461 529 quum
485 464 529 517 tot
547 455 700 531 tantisque
721 454 857 531 negociis
873 455 1021 515 distentus
1036 457 1084 530 sit,
1104 473 1107 487 ·

57 552 92 604 ut
113 543 265 619 respirare
285 541 380 600 libere
401 555 462 598 non
482 538 595 613 possit,
625 541 651 600 si
673 537 789 614 aliquid
815 556 876 598 non
895 537 1106 598 animadvern

60 635 116 701 tat,
140 643 232 702 quum
255 621 435 700 praesertim
455 630 514 683 tarn
535 622 620 684 multi
641 621 872 698 occupationem
890 621 955 682 eius
979 621 1085 682 obser-

59 717 131 770 vent
147 718 331 784 tempusque
353 714 554 780 aucupentur,
577 715 624 781 ut,
646 707 735 767 simul
755 714 846 780 atque
862 705 912 765 ille
931 706 1084 780 despexe-

58 794 110 867 rit,
122 793 237 869 aliquid
248 790 376 850 huiusce
386 789 469 849 modi
481 789 650 851 moliantur.
661 789 728 850 Huc
738 790 871 862 accedit,
884 789 966 864 quod
979 806 1083 863 quam-

59 877 106 938 vis
121 877 172 937 ille
188 877 260 936 lelix
282 874 335 947 sit,
357 872 437 933 sicut
458 881 518 944 est,
540 881 641 934 tamen
664 873 695 932 in
718 881 801 933 tanta
825 872 967 933 felicitate
993 889 1082 933 uento

59 969 162 1037 potest
182 975 270 1030 esse,
300 959 330 1017 in
353 973 463 1033 magna
486 957 598 1016 familia
612 956 665 1032 qui
679 956 827 1018 neminem
843 972 944 1031 neque
960 972 1083 1017 servum

59 1061 160 1120 neque
183 1042 321 1102 libertum
336 1041 505 1116 improbum
521 1040 639 1101 habeat.
682 1039 731 1103 23.
759 1040 875 1100 Interea
895 1040 953 1100 iste
973 1042 1005 1099 T.
1021 1041 1081 1101 Ro·

59 1129 158 1200 scius,
176 1125 222 1185 vir
238 1125 384 1200 optimus,
399 1132 579 1200 procurator
595 1124 802 1202 Chrysogoni,
816 1123 969 1183 Arneriam
982 1123 1081 1184 venit:

57 1212 88 1272 in
105 1210 229 1286 praedia
242 1208 330 1269 huius
342 1207 471 1268 invadit=
485 1207 566 1267 hunc
581 1207 738 1280 miserum,
753 1210 835 1269 luctu
849 1207 1013 1282 perditum,
1030 1208 1081 1282 qui

58 1295 195 1357 noudum
209 1293 298 1353 etiam
315 1291 417 1351 omnia
431 1299 557 1366 paterno
576 1291 674 1352 luneri
692 1291 773 1352 iusta
787 1291 947 1364 solvisset,
968 1292 1082 1351 nudum

58 1377 141 1440 eiicit
167 1378 256 1438 domo
278 1383 371 1451 atquc
394 1374 472 1435 locis
494 1374 597 1448 patriis
620 1376 731 1451 disque
750 1373 910 1450 penatibus
931 1374 1081 1449 praecipi·

58 1474 134 1545 tem,
149 1461 283 1534 iudices,
301 1459 453 1528 exturbat:
473 1457 541 1533 ipse
556 1458 760 1535 amplissimae
773 1457 923 1534 pecuniae
937 1458 971 1517 fit
986 1458 1082 1517 domi-

58 1563 126 1607 nus.
155 1543 210 1620 Qui
225 1544 254 1603 in
268 1559 325 1603 sua
338 1559 372 1602 re
383 1541 491 1602 luisset
504 1541 732 1616 egentissimuS‚
748 1548 825 1615 erat,
838 1551 872 1602 ut
882 1541 930 1617 fit,
944 1541 1082 1601 insolens

57 1631 87 1690 in
103 1628 211 1689 aliene.
244 1628 339 1687 llllulte
355 1627 457 1701 palam
477 1626 600 1686 domum
613 1643 699 1687 suam
716 1626 886 1696 auferebat,
903 1624 990 1701 plura
1005 1625 1083 1684 clam

59 1716 97 1774 de
111 1713 212 1773 medio
226 1711 417 1771 removebat=
432 1725 493 1770 non
509 1725 609 1784 pauca
623 1709 687 1770 suis
702 1708 890 1769 adiutoribus
903 1708 988 1784 large
1005 1707 1081 1769 effu-

58 1813 156 1872 seque
177 1796 325 1856 donabat:
347 1792 465 1868 reliqua
483 1793 646 1855 constituta
668 1793 809 1855 auctione
829 1792 990 1861 vendebat.
1031 1793 1081 1851 IX.

57 1879 108 1944 24.
131 1880 218 1954 Quod
232 1876 384 1938 Amerinis
400 1879 505 1950 'usque
527 1892 564 1938 eo
581 1877 682 1936 visum
702 1885 750 1937 est
764 1875 936 1950 indignum,
955 1885 989 1936 ut
1005 1876 1081 1935 urbe

57 1973 121 2027 tota
131 1965 221 2024 fletus
240 1961 431 2038 gemitusque
442 1960 538 2021 fieret.
560 1960 678 2021 Etenim
691 1962 784 2021 multa
794 1961 882 2020 simul
895 1968 963 2020 ante
974 1960 1081 2020 oculos

57 2048 273 2110 versabantur:
298 2061 381 2106 mors
396 2043 526 2104 hominis
541 2043 748 2106 florentissimi
761 2044 833 2104 Sex.
851 2042 956 2116 Roscii
973 2043 1081 2103 crude-

59 2132 191 2201 lissima,
213 2128 267 2189 filii
289 2136 389 2189 autem
410 2128 475 2188 eius
497 2137 619 2202 egestas
633 2127 858 2203 indignissima,
878 2125 927 2186 cui
945 2127 984 2187 de
998 2133 1080 2189 tanto

58 2213 240 2292 patrimonio
256 2214 370 2288 praedo
383 2213 440 2272 iste
452 2211 587 2272 nefarius
601 2228 639 2271 ne
653 2211 710 2272 iter
721 2212 842 2286 quidem
854 2211 894 2271 ed
906 2212 1086 2284 sepulcrum·

57 2297 188 2376 patrium
211 2297 400 2377 reliquisset,
420 2297 570 2356 bonorum
590 2296 702 2372 emptio
719 2294 887 2370 flagitiosa,
907 2292 1080 2370 possessio,

58 2385 152 2454 furta,
168 2380 306 2455 rapinae,
321 2380 511 2447 donationes.
534 2379 627 2440 Nemo
643 2387 707 2440 erat
719 2379 771 2454 qui
786 2396 846 2439 non
857 2378 964 2438 ardere
980 2376 1081 2438 omnia
1100 2402 1107 2418 ·

59 2467 162 2526 mallet
182 2481 272 2539 quam
293 2463 396 2524 videre
417 2463 447 2523 iu
472 2463 543 2523 Sex.
560 2463 664 2525 Roscii
682 2462 740 2537 viri
761 2461 865 2537 optimi
881 2470 973 2536 atque
986 2461 1079 2522 hone-

28 2576 32 2583 ·
59 2547 186 2611 stissimi
200 2546 289 2608 bonis
303 2547 463 2608 lactantem
478 2562 513 2606 se
527 2562 563 2607 ac
578 2547 781 2608 dominantem
795 2546 826 2606 T.
843 2545 998 2606 Roscium.
1029 2542 1079 2605 25.

59 2635 166 2708 ltaque
179 2630 375 2691 decurionum
390 2632 545 2692 decretum
559 2630 657 2692 statim
673 2631 721 2705 fit,
742 2639 775 2691 ut
790 2630 895 2690 decem
908 2628 995 2704 primi
1008 2644 1079 2703 pro·

58 2716 235 2777 ficiscantur
254 2715 294 2773 ad
312 2715 345 2774 L.
361 2714 474 2775 Sullam
489 2715 680 2790 doceantque
702 2730 771 2774 eum
796 2712 848 2789 qui
870 2713 917 2772 vir
931 2713 1003 2772 Sex.
1018 2713 1079 2771 Ro-

60 2800 144 2861 scius
167 2797 274 2859 luerit=
296 2805 519 2874 conquerantur
543 2798 581 2857 de
602 2798 728 2858 istorum
755 2799 870 2858 scelere
894 2805 924 2856 et
948 2794 1078 2855 iniuriis:

60 2891 147 2944 orent
163 2890 197 2943 ut
218 2890 248 2942 et
268 2880 348 2941 illius
368 2881 477 2942 mortui
498 2881 605 2941 sarnam
626 2890 656 2941 et
676 2881 729 2942 tilii
749 2881 920 2942 innocentis
942 2878 1078 2939 fortunas

59 2973 258 3028 conservatas
274 2965 354 3024 velit.
389 2967 490 3040 Atque
504 2964 605 3040 ipsum
619 2966 788 3038 decretum,
811 2979 943 3038 quaeso,
966 2979 1079 3039 cogno-

61 3049 146 3113 scite.
180 3062 333 3108 nncnarou
354 3063 550 3108 nacumouuru.
584 3048 688 3123 Legati
702 3048 731 3108 in
747 3056 847 3108 castra
859 3045 992 3107 veniunt.
1032 3049 1079 3106 ln-

60 3133 219 3209 telligitur,
245 3129 378 3206 iudices,
405 3131 438 3192 id
461 3132 544 3207 quod
563 3125 624 3192 iam
643 3140 712 3193 ante
732 3131 809 3203 dixi,
836 3130 1026 3204 imprudente
1045 3131 1078 3189 L.

62 3218 146 3278 Sulla
160 3218 278 3278 scelera
291 3215 367 3275 haec
382 3223 411 3276 et
426 3214 540 3290 flagitia
553 3215 628 3277 lieri.
655 3216 729 3276 Nam
745 3214 844 3275 statim
860 3214 1079 3292 Chrysogonus
1118 3240 1121 3256 ·

61 3311 91 3362 et
110 3301 179 3377 ipse
202 3300 243 3361 ad
264 3315 319 3360 eos
341 3299 458 3360 accedit
481 3309 511 3360 et
529 3299 668 3361 homines
681 3298 805 3359 noltiles
818 3297 1022 3368 calceans,
1038 3295 1099 3356 qm

57 3392 196 3456 peterent
210 3381 304 3444 need
319 3382 433 3444 Sullam
451 3384 576 3449 adirent
590 3392 625 3448 et
643 3382 754 3448 omma
764 3382 1021 3456 Lnrvsoqonom
1037 3374 1127 3427 <affl

53 3467 160 3528 vellent
174 3483 247 3530 0⁵⁶⁰
260 3470 418 3551 faciurum
434 3472 684 3552 pollicerentur.
716 3467 778 3534 ‘lit-
791 3451 1028 3599 lisnega&
1039 3439 1161 3491 mm
