2370 3780
524 32 593 97 *sz
632 34 723 79 '¹'2'vn

107 188 150 253 44
266 188 341 251 PRO
362 189 446 252 SEX.
467 188 605 251 ROSCIO
625 187 801 251 AMERINO
824 187 975 250 anana.

108 342 224 418 populo
239 340 443 416 gratissimum
454 350 510 404 est.
528 340 661 415 Deinde,
677 339 704 402 si
715 339 837 415 voletis,
850 341 938 402 etiam
950 349 1029 414 tum,
1042 357 1135 416 quum

107 425 173 486 veri
189 425 286 487 simile
301 425 357 486 erit
374 425 505 500 aliquem
520 425 723 508 Qisisse,
745 425 775 485 in
793 423 969 500 suspicione
985 426 1134 485 latratote.

107 509 143 569 ld
159 526 283 586 quoque
298 509 426 570 concedi
441 517 551 584 potest.
578 507 631 568 Sin
645 516 746 569 autem
760 507 805 569 sic
820 509 932 584 agetis,
952 515 985 568 ut
998 507 1134 583 arguatis

107 592 240 669 aliquem
259 601 375 668 patrem
396 592 549 653 occidisse
569 608 670 666 neque
696 593 798 653 dicere
816 590 943 667 possitis
963 599 1016 651 aut
1039 607 1134 666 quare

107 685 160 737 aut
181 693 241 753 quo
259 677 350 736 modo
367 692 404 735 ac
426 683 539 735 tantum
560 676 652 736 modo
677 674 743 736 sine
768 674 945 750 suspicione
971 673 1133 743 latrabitis,

108 775 197 839 crura
217 759 340 835 quidem
361 758 450 820 vobis
470 775 558 820 nemo
580 757 754 832 suffringet,
775 760 830 818 sed
852 758 878 819 si
897 775 955 834 ego
977 758 1036 819 bos
1055 758 1135 819 bene

106 843 198 916 novi,
213 842 340 925 litteram
352 842 446 915 illam,
464 844 511 902 cui
528 859 584 904 vos
598 859 699 918 usque
715 859 753 902 eo
768 841 880 902 inimici
892 841 980 916 estis,
995 849 1028 902 ut
1044 841 1134 901 etiam

107 926 174 988 Kal.
199 943 305 988 omnes
327 925 466 998 oderitis,
488 925 529 986 ita
549 925 743 986 vehementer
763 927 802 985 ad
826 934 917 1001 caput
937 926 1084 1000 adfigent,
1101 933 1136 985 ut

109 1019 218 1086 postea
238 1009 387 1069 neminem
402 1009 494 1069 alium
508 1009 567 1069 nisi
586 1002 721 1070 fortunas
735 1016 854 1069 vestras
870 1025 1017 1070 accusare
1034 1007 1135 1084 possi-

108 1094 157 1156 tis.
200 1095 277 1154 XXI.
299 1090 349 1154 58.
373 1092 451 1166 Quid
469 1092 541 1154 mibi
555 1093 594 1154 ad
610 1094 834 1154 defendendum
849 1092 975 1166 dedisti,
990 1093 1071 1152 bone
1084 1107 1133 1152 ac·

108 1184 254 1238 cusator?
283 1175 356 1252 quid
373 1177 458 1238 bisce
473 1184 573 1238 autem
588 1178 627 1237 ad
641 1176 882 1253 suspicandum?
892 1209 933 1220 -
949 1177 993 1236 Νε
1007 1175 1133 1235 exhere-

107 1262 230 1321 daretur
245 1260 359 1321 veritus
378 1270 434 1322 est.
451 1295 494 1306 -
519 1260 636 1334 Audio,
652 1262 707 1321 sed
723 1260 836 1336 quade
851 1276 946 1320 causa
960 1258 1060 1320 vereri
1081 1259 1132 1318 de-

106 1343 207 1405 buerit
220 1361 308 1405 nemo
322 1343 403 1406 dicit.
412 1378 454 1390 ——
468 1343 606 1405 Habebat
620 1352 706 1420 pater
720 1344 751 1403 in
766 1343 926 1404 animo—
939 1343 1064 1403 Planum
1071 1342 1133 1402 lac.

107 1428 187 1488 Nihil
205 1436 267 1489 est:
289 1445 367 1501 non,
392 1427 513 1504 quicum
529 1427 714 1500 deliberarit,
738 1445 829 1503 quem
845 1426 1004 1488 certiorem
1020 1425 1132 1498 lecerit,

106 1512 189 1574 unde
215 1512 296 1575 istud
317 1512 405 1573 vobis
428 1510 578 1588 suspicari
603 1511 634 1571 in
654 1520 784 1572 mentem
804 1511 929 1572 venerit.
960 1511 1056 1592 Quum
1075 1509 1133 1570 hoc

107 1595 199 1657 modo
220 1612 366 1669 accusas,
391 1595 497 1669 Eruci,
525 1612 626 1656 nonne
647 1596 706 1656 hoc
726 1596 824 1670 palam
845 1594 936 1654 dicis:
973 1595 1038 1669 Ego
1061 1593 1134 1669 quid

106 1679 278 1754 acceperim
300 1681 381 1752 scio,
407 1679 481 1753 quid
507 1679 604 1739 dicam
624 1680 744 1741 nescio:
773 1696 866 1739 unum
887 1678 960 1738 illud
988 1676 1133 1752 spectavi,

108 1763 192 1837 quod
207 1761 424 1838 Chrysogonus
441 1762 555 1837 aiebat,
577 1761 726 1822 neminem
747 1761 797 1823 isti
812 1771 973 1839 patronum
987 1763 1132 1822 futurum:

107 1847 147 1906 de
163 1846 311 1905 bonorum
327 1846 480 1921 emptione
497 1847 598 1922 deque
617 1862 655 1906 ea
670 1847 814 1906 societate
829 1845 979 1906 neminem
994 1862 1064 1905 esse
1082 1843 1132 1920 qui

106 1929 234 1989 verbum
251 1931 352 1990 lacere
365 1929 425 1991 hoc
439 1939 576 2005 tempore
590 1931 736 1990 auderet?
749 1930 831 1989 Haec
846 1938 875 1989 te
890 1929 993 2004 opinio
1009 1929 1088 1989 falsa
1102 1927 1132 1986 in

105 2012 195 2074 istam
213 2014 350 2074 fraudem
364 2012 496 2089 impulit:
521 2031 582 2073 non
597 2014 786 2074 mehercules
806 2012 930 2072 verbum
946 2011 1089 2084 fecisses,
1105 2009 1132 2072 si

105 2095 160 2158 aot
176 2114 358 2172 quemquam
372 2114 590 2172 responsurum
607 2105 760 2172 putasses.
791 2094 841 2157 59.
864 2095 982 2172 Operae
996 2093 1133 2171 precium

106 2188 186 2251 erat,
201 2181 227 2240 si
242 2180 514 2253 animadvertistis,
536 2179 669 2254 iudices,
684 2179 898 2255 negligentiam
913 2179 979 2239 eius
996 2179 1027 2240 in
1042 2195 1131 2238 aecu-

107 2264 205 2325 sando
231 2263 436 2324 considerare.
473 2263 585 2336 Credo,
608 2282 701 2339 quum
717 2264 845 2324 vidisset
862 2263 920 2339 qui
941 2264 1080 2325 homines
1101 2261 1131 2321 in

106 2345 194 2407 hisce
216 2347 369 2408 subselliis
385 2348 543 2421 sederent,
567 2347 728 2422 quaesisse
748 2365 818 2407 num
833 2346 884 2407 ille
898 2356 949 2408 aut
963 2347 1132 2422 ille'delen·

107 2447 198 2492 surus
213 2439 309 2491 esset:
332 2432 370 2491 de
385 2448 433 2491 me
448 2448 486 2491 ne
501 2431 689 2507 suspicatum
707 2431 828 2506 quidem
843 2447 928 2504 esse,
944 2431 1027 2506 quod
1044 2437 1132 2490 antea

106 2530 230 2574 causam
252 2513 403 2589 publicam
423 2516 535 2574 nullam
556 2515 693 2576 dixerim.
724 2515 927 2589 Posteaquam
947 2513 1064 2574 invenit
1078 2529 1130 2573 ne-

105 2599 215 2683 minem
231 2614 350 2670 eorum,
368 2597 420 2672 qui
434 2607 564 2673 possunt
578 2606 608 2659 et
622 2600 736 2671 solent,
751 2597 792 2658 ita
806 2598 963 2672 negligens
976 2614 1047 2659 esse
1062 2612 1131 2658 eoe-

106 2679 165 2754 pit,
180 2690 213 2743 ut
231 2698 322 2756 quum
336 2680 368 2740 iu
382 2690 512 2741 mentem
526 2681 642 2743 veniret
657 2682 699 2756 ei,
716 2681 877 2754 resideret,
897 2682 1007 2742 deinde
1019 2680 1131 2757 spatia-
1158 2676 1169 2689 “

104 2772 201 2838 retur,
221 2781 447 2840 nonnumquam
462 2765 551 2825 etiam
566 2783 694 2841 puerum
710 2773 849 2839 vocaret,
874 2767 983 2839 credo,
998 2765 1047 2825 cui
1062 2779 1131 2825 coe-

105 2863 175 2906 nam
190 2848 368 2924 imperaret,
390 2865 517 2923 prorsus
532 2857 564 2909 ut
577 2858 680 2911 vestro
696 2865 848 2910 consessu
862 2857 892 2909 et
905 2849 967 2917 hoc,
980 2855 1132 2910 conventu
1156 2883 1162 2906 .

105 2946 162 3005 pro
184 2949 301 2994 summa
321 2931 483 2993 solitudine
500 2933 681 2994 abuteretur.
723 2932 813 2992 XXII.
835 2933 885 2994 60.
910 2931 1066 2993 Peroravit
1079 2930 1131 2991 ali-

106 3016 243 3088 quando:
269 3014 403 3077 adsedit:
429 3016 548 3076 surrexi
569 3033 636 3091 ego.
669 3016 833 3091 Respirare
852 3016 938 3078 visus
960 3025 1021 3088 est,
1049 3013 1131 3089 quod

104 3113 166 3157 non
185 3098 262 3158 atius
283 3099 386 3173 potius
407 3098 530 3160 diceret.
568 3101 662 3175 Coepi
677 3100 789 3163 dicere.
824 3100 930 3175 Usque
944 3116 981 3160 eo
997 3098 1130 3160 animad-

106 3179 196 3253 verti,
220 3180 351 3254 iudiceS,
374 3199 442 3243 eum
456 3183 551 3246 iocari
569 3192 661 3258 atque
676 3184 750 3244 alias
764 3199 815 3243 res
830 3200 936 3258 agere,
957 3178 1026 3244 ante
1041 3197 1131 3257 quam

106 3263 337 3341 Chrysogonum
362 3265 530 3327 nominavi:
557 3284 649 3342 quem
673 3266 763 3327 simul
790 3275 882 3341 atque
908 3265 1006 3341 attigi,
1032 3266 1131 3327 statim

93 3347 193 3403 homo
214 3363 252 3406 se
273 3348 379 3410 erexit.
410 3350 514 3412 Mirari
534 3349 622 3412 visus
643 3359 700 3411 est.
731 3351 869 3427 intellexi
891 3350 965 3423 quid
985 3367 1054 3410 eum
1075 3365 1131 3423 pu·¹

67 3427 231 3496 pugrsset.
265 3431 385 3494 Iterum
407 3451 448 3497 ac
466 3435 558 3500 tertio
577 3433 749 3499 nominaui.
775 3435 895 3496 Postea
906 3431 1055 3490 immines
1074 3446 1140 3488 em-
