2370 3780
124 198 164 263 48
280 197 354 259 PRO
377 198 459 259 SEX.
480 197 618 260 ROSCIO
640 199 815 260 AMERINO
837 198 988 260 ORATIO.

124 349 276 426 liquerint.
305 348 354 414 72
375 350 492 411 Etenim
513 349 587 426 quid
601 359 662 411 tam
678 360 725 413 est
740 367 898 413 commune
914 367 1005 427 quam
1021 348 1146 426 spiritus

125 434 221 509 vivis,
242 445 323 496 terra
337 435 477 508 mortuis,
499 452 581 495 mare
596 433 826 509 fluctuantibus,
847 434 929 495 littus
944 433 1074 495 eiectis?
1103 435 1148 496 lta

112 517 243 592 uiuunt,
263 518 335 578 dum
352 527 495 593 possunt,
519 528 552 579 ut
567 518 679 579 ducere
692 517 822 578 culmem
837 519 876 579 de
892 518 976 578 caelo
993 534 1057 578 non
1072 535 1146 594 que·

124 611 189 663 aniz
213 602 254 663 ita
267 601 448 675 moriuntur,
470 610 504 661 ut
523 618 627 662 eorum
647 618 720 662 ossa
736 611 816 662 terra
832 619 894 662 non
908 608 1024 676 tangat:
1047 602 1091 663 ita
1103 600 1146 662 ia'·

89 755 93 766 ⁸
124 694 241 746 ctuntur
255 684 413 757 fluctibus,
434 692 467 745 ut
486 701 649 759 numquam
666 687 841 746 adluantur:
863 686 909 749 ita.
920 693 1076 761 postremo
1094 685 1146 745 eii-

124 769 256 842 ciantur,
279 778 310 830 ut
329 786 368 830 ne
387 769 427 828 ad
447 785 523 828 sexa
545 768 667 845 quidem
680 769 790 829 mortui
804 769 1032 845 conquiescant.
1060 769 1146 829 Tanti

122 852 264 913 maleficii
280 852 411 926 crimen,
432 851 480 913 cui
504 852 652 912 maleficio
674 861 734 912 tarn
754 852 873 927 insigne
893 851 1077 928 supplicium
1098 862 1146 914 est

123 936 331 1009 constitutum,
354 936 483 1012 probare
504 944 548 1010 te,
570 936 675 1008 Eruci,
697 952 806 996 censes
827 953 923 1011 posse
937 935 1046 997 tutibus
1063 935 1146 1009 viris,

123 1020 150 1081 si
170 1037 209 1080 ne
235 1037 358 1080 causam
379 1019 501 1095 quidem
526 1019 667 1098 matesqcii
691 1019 876 1095 protuleris?
906 1019 939 1080 Si
964 1018 1044 1079 hunc
1062 1021 1145 1095 apud

122 1103 272 1164 bonorum
288 1111 441 1179 emptores
455 1103 542 1178 ipsos
557 1119 720 1165 accusares
735 1103 826 1178 eique
840 1102 952 1164 iudicio
972 1103 1144 1181 Chrysogo-

122 1204 181 1247 nus
193 1196 366 1261 praeesset,
387 1196 487 1247 tamen
503 1186 675 1262 diligentius
690 1187 888 1262 paratiusque
902 1185 1055 1248 venisses.
1093 1183 1143 1249 73.

121 1271 226 1331 Utrum
241 1271 314 1346 quid
329 1281 434 1346 agatur
448 1287 508 1330 non
531 1272 617 1332 vides
637 1288 675 1330 an
689 1273 772 1347 apud
790 1287 868 1346 quos
884 1277 1011 1345 agatur?
1035 1271 1145 1346 Agitur

123 1354 163 1413 de
182 1354 359 1429 parricidio,
382 1356 466 1430 quod
486 1354 552 1416 siue
574 1354 674 1415 multis
690 1355 791 1415 causis
813 1355 927 1430 suscipi
947 1371 1007 1415 non
1025 1363 1143 1430 potest=

122 1439 206 1515 apud
223 1438 360 1499 homines
374 1447 476 1499 autern
496 1438 748 1513 prudentissimos
771 1437 881 1514 agitur,
905 1440 956 1512 qui
976 1437 1145 1521 intelligunt

122 1524 270 1584 neminem
293 1539 332 1582 ne
352 1521 504 1583 minimum
527 1522 648 1599 quidem
672 1522 853 1583 maleficium
877 1521 943 1583 sine
970 1538 1065 1582 causa
1090 1523 1143 1582 ad-

122 1608 248 1669 mittere.

204 1693 324 1750 XXVII.
348 1690 437 1751 Esto:
452 1705 576 1749 causam
591 1691 728 1765 proferre
741 1707 802 1750 non
818 1698 916 1765 potes.
936 1689 1067 1750 Tametsi
1083 1698 1143 1751 sta-

122 1775 173 1836 tim
187 1774 300 1834 vicisse
312 1774 425 1845 debeo,
442 1781 542 1833 tamen
557 1775 596 1832 de
610 1789 677 1834 meo
692 1773 756 1835 iure
771 1774 917 1834 decedam
932 1783 962 1834 et
975 1774 1043 1845 tibi,
1061 1773 1144 1849 quod

31 1884 38 1897 ·
121 1859 153 1919 in
170 1857 229 1918 atia
250 1875 344 1919 causa
358 1874 419 1918 non
434 1857 649 1929 concederem,
670 1856 701 1918 in
716 1858 773 1917 hac
791 1859 958 1920 concedam
979 1859 1074 1919 fretus
1088 1858 1142 1918 hu·

121 1943 170 2002 ius
191 1941 372 2002 innocentia.
415 1941 482 2003 Non
504 1957 618 2015 quaero
633 1941 690 2001 abs
709 1949 739 2002 te
755 1958 849 2018 quare
864 1951 980 2017 patrem
996 1941 1069 2002 Sex.
1082 1942 1143 2002 Ro·

122 2024 206 2086 scius
232 2024 390 2086 occiderit:
419 2041 532 2100 quaero
559 2040 619 2101 quo
648 2026 739 2086 modo
766 2025 919 2086 occiderit.
963 2026 1142 2100 lta0quaero

121 2110 177 2169 abs
198 2116 243 2180 te,
265 2109 296 2168 C.
315 2107 420 2182 Eruci,
445 2126 505 2183 quo
522 2109 629 2182 modo,
654 2109 747 2169 etsie
768 2117 868 2169 tecum
885 2125 996 2184 agam,
1021 2117 1054 2170 ut
1073 2126 1142 2170 meo

121 2194 189 2252 loco
203 2194 251 2251 rel
264 2192 473 2267 respondendi
485 2193 532 2251 vet
548 2191 756 2268 interpellandi
767 2192 818 2252 tibi
829 2201 1009 2268 potestatem
1023 2193 1140 2265 faciam,

121 2278 170 2335 vel
188 2275 291 2348 etiam,
308 2274 423 2350 siquid
440 2278 541 2349 voteS,
555 2275 768 2350 interrogandi.
802 2273 850 2339 74.
873 2276 1045 2350 Quomodo
1061 2276 1140 2337 oeci-

15 2375 23 2389 ‘
121 2358 185 2419 dit?
223 2361 294 2435 lpse
315 2358 467 2434 percussit
486 2376 525 2418 an
546 2359 613 2421 aliis
628 2360 828 2421 occidendum
850 2360 953 2422 dedite
987 2359 1020 2421 Si
1039 2358 1140 2436 ipsum

120 2441 237 2517 arguis,
259 2444 373 2502 Romae
393 2459 453 2502 non
475 2441 540 2503 suit:
566 2443 592 2502 si
613 2446 668 2518 per
686 2444 763 2504 alios
784 2443 895 2504 secisse
910 2444 1004 2518 diciS,
1026 2440 1139 2519 quaero

120 2543 269 2586 servosne
289 2543 327 2585 an
342 2525 474 2586 liberast
494 2527 532 2599 [si
543 2527 682 2606 liberos],
698 2544 776 2603 quos
793 2525 954 2590 homines?
967 2527 1140 2589 indidemne

120 2608 295 2670 American
310 2609 406 2670 hosce
421 2625 459 2668 ex
475 2611 548 2669 urbe
565 2610 714 2672 sicarios?
738 2610 765 2670 si
777 2609 914 2684 Ameria,
937 2613 989 2687 qui
1004 2621 1076 2674 suut
1089 2611 1140 2672 nir

121 2709 174 2755 cur
191 2711 252 2754 non
269 2692 480 2754 nominantur?
508 2692 534 2753 si
550 2694 661 2767 Roma,
685 2695 767 2756 unde
788 2711 844 2756 eos
858 2704 985 2757 noverat
996 2695 1139 2768 Roscius,

121 2777 172 2850 qui
185 2779 312 2838 Romam
333 2777 433 2836 multis
454 2775 541 2836 annis
558 2795 617 2838 non
634 2778 715 2838 venit
729 2795 827 2853 neque
842 2796 986 2855 umquam
1003 2780 1074 2856 plus
1088 2778 1138 2840 tri-

121 2860 181 2920 duo
200 2861 277 2922 tuitr
296 2859 348 2921 ubi
363 2876 417 2920 eos
432 2859 593 2921 convenit?
614 2863 735 2936 quicum
751 2863 871 2924 locutus
886 2871 954 2924 estt
970 2880 1031 2939 quo
1046 2863 1137 2925 modo

120 2942 295 3016 persuasor
313 2943 451 3004 Precium
467 2943 558 3004 dedit.
582 2944 633 3005 Cui
646 2946 750 3007 dediti
768 2962 823 3020 per
838 2964 928 3020 quem
940 2946 1045 3007 dediti
1057 2946 1138 3007 unde

119 3032 171 3084 aut
187 3036 330 3100 quantum
348 3026 452 3088 dediti
478 3044 579 3090 nonne
600 3028 647 3088 his
672 3028 808 3103 vestigiis
827 3031 867 3090 ad
889 3038 979 3104 caput
998 3028 1139 3090 maieficii

119 3109 271 3184 perveniri
286 3113 384 3172 soleti
406 3112 444 3171 Et
457 3109 545 3171 simul
560 3111 612 3172 tibi
626 3113 657 3172 in
672 3119 801 3173 mentem
813 3112 915 3174 veniat
929 3112 1019 3174 facito
1035 3129 1153 3189 quera..

119 3192 283 3255 admodum
304 3195 394 3256 vitam
415 3193 541 3256 huiusce
562 3195 750 3271 depinxeris:
774 3196 853 3257 hunc
875 3196 1028 3259 hominem
1040 3198 1138 3257 ferum

120 3284 210 3350 atque
225 3286 374 3351 agrestem
389 3278 498 3340 tuisse:
515 3296 677 3355 numquam
693 3298 760 3341 curn
774 3281 894 3342 homine
910 3297 1065 3357 quoquam
1077 3281 1136 3341 oot-

100 3357 243 3416 Jocutum
259 3377 349 3421 esse.-
372 3379 541 3441 numquam
554 3363 587 3425 in
605 3363 719 3441 oppido
737 3363 920 3425 constitisse.
953 3361 1003 3425 75.
1031 3365 1096 3437 Qua
1107 3364 1137 3422 in

82 3446 122 3488 re
136 3448 316 3508 praetereo
337 3446 433 3527 iliud,
459 3452 549 3530 quod
567 3451 645 3515 mihi
664 3448 800 3514 mammo
816 3453 995 3524 argumento
1007 3446 1151 3507 adituros
