<?xml version="1.0" encoding="UTF-8"?>
<!DOCTYPE html PUBLIC "-//W3C//DTD XHTML 1.0 Transitional//EN"
    "http://www.w3.org/TR/xhtml1/DTD/xhtml1-transitional.dtd">
<html xmlns="http://www.w3.org/1999/xhtml" xml:lang="en" lang="en">
 <head>
  <title>
</title>
<meta http-equiv="Content-Type" content="text/html;charset=utf-8" />
  <meta name='ocr-system' content='tesseract 3.04.00' />
  <meta name='ocr-capabilities' content='ocr_page ocr_carea ocr_par ocr_line ocrx_word'/>
</head>
<body>
  <div class='ocr_page' id='page_1' title='image "./mtulliiciceroni85cicegoog/mtulliiciceroni85cicegoog_0011.png"; bbox 0 0 2370 3780; ppageno 0'>
   <div class='ocr_carea' id='block_1_1' title="bbox 63 180 822 256">
    <p class='ocr_par' dir='ltr' id='par_1_1' title="bbox 63 180 822 256">
     <span class='ocr_line' id='line_1_1' title="bbox 63 180 822 256; baseline -0.012 -7"><span class='ocrx_word' id='word_1_1' title='bbox 63 184 84 249; x_wconf 82' lang='grc'><strong>4</strong></span> <span class='ocrx_word' id='word_1_2' title='bbox 324 182 397 245; x_wconf 87' lang='lat' dir='ltr'>PRO</span> <span class='ocrx_word' id='word_1_3' title='bbox 418 184 451 243; x_wconf 89' lang='grc' dir='ltr'>Ρ.</span> <span class='ocrx_word' id='word_1_4' title='bbox 473 181 648 256; x_wconf 86' lang='lat' dir='ltr'>QUINCTIO</span> <span class='ocrx_word' id='word_1_5' title='bbox 672 180 822 242; x_wconf 84' lang='lat' dir='ltr'><strong>ORATIO.</strong></span> 
     </span>
    </p>
   </div>
   <div class='ocr_carea' id='block_1_2' title="bbox 10 331 1090 3505">
    <p class='ocr_par' dir='ltr' id='par_1_2' title="bbox 62 331 1086 2083">
     <span class='ocr_line' id='line_1_2' title="bbox 65 331 1081 415; baseline -0.005 -17"><span class='ocrx_word' id='word_1_6' title='bbox 65 346 224 415; x_wconf 87' lang='lat' dir='ltr'>quaestum</span> <span class='ocrx_word' id='word_1_7' title='bbox 245 336 382 408; x_wconf 90' lang='lat' dir='ltr'>contulit,</span> <span class='ocrx_word' id='word_1_8' title='bbox 404 335 539 395; x_wconf 88' lang='lat' dir='ltr'>libertate</span> <span class='ocrx_word' id='word_1_9' title='bbox 559 351 634 395; x_wconf 89' lang='lat' dir='ltr'>usus</span> <span class='ocrx_word' id='word_1_10' title='bbox 655 341 717 407; x_wconf 92' lang='lat' dir='ltr'>est,</span> <span class='ocrx_word' id='word_1_11' title='bbox 741 352 800 409; x_wconf 93' lang='lat' dir='ltr'>quo</span> <span class='ocrx_word' id='word_1_12' title='bbox 822 331 975 408; x_wconf 90' lang='lat' dir='ltr'>impunius</span> <span class='ocrx_word' id='word_1_13' title='bbox 991 333 1081 394; x_wconf 81' lang='lat' dir='ltr'>dicax</span> 
     </span>
     <span class='ocr_line' id='line_1_3' title="bbox 63 417 1084 493; baseline -0.005 -10"><span class='ocrx_word' id='word_1_14' title='bbox 63 432 154 483; x_wconf 87' lang='lat' dir='ltr'>esset.</span> <span class='ocrx_word' id='word_1_15' title='bbox 197 420 245 483; x_wconf 78' lang='lat'>12.</span> <span class='ocrx_word' id='word_1_16' title='bbox 274 420 372 492; x_wconf 88' lang='lat' dir='ltr'>Quare</span> <span class='ocrx_word' id='word_1_17' title='bbox 421 420 483 479; x_wconf 89' lang='lat' dir='ltr'>uod</span> <span class='ocrx_word' id='word_1_18' title='bbox 502 418 619 478; x_wconf 90' lang='lat' dir='ltr'>socium</span> <span class='ocrx_word' id='word_1_19' title='bbox 639 417 692 477; x_wconf 90' lang='lat' dir='ltr'>tibi</span> <span class='ocrx_word' id='word_1_20' title='bbox 713 435 782 477; x_wconf 91' lang='lat' dir='ltr'>eum</span> <span class='ocrx_word' id='word_1_21' title='bbox 804 419 897 478; x_wconf 90' lang='lat' dir='ltr'>velles</span> <span class='ocrx_word' id='word_1_22' title='bbox 918 418 1084 493; x_wconf 83' lang='lat' dir='ltr'>adiungere</span> 
     </span>
     <span class='ocr_line' id='line_1_4' title="bbox 62 438 1083 577; baseline -0.003 -12"><span class='ocrx_word' id='word_1_23' title='bbox 62 506 135 565; x_wconf 87' lang='lat' dir='ltr'>nihil</span> <span class='ocrx_word' id='word_1_24' title='bbox 157 514 234 577; x_wconf 89' lang='lat' dir='ltr'>erat,</span> <span class='ocrx_word' id='word_1_25' title='bbox 256 503 315 562; x_wconf 93' lang='lat' dir='ltr'>nisi</span> <span class='ocrx_word' id='word_1_26' title='bbox 334 512 367 563; x_wconf 94' lang='lat' dir='ltr'>ut</span> <span class='ocrx_word' id='word_1_27' title='bbox 388 438 419 562; x_wconf 70' lang='lat' dir='ltr'>iii</span> <span class='ocrx_word' id='word_1_28' title='bbox 441 512 491 563; x_wconf 89' lang='lat' dir='ltr'>tua</span> <span class='ocrx_word' id='word_1_29' title='bbox 511 500 642 577; x_wconf 87' lang='lat' dir='ltr'>pecunia</span> <span class='ocrx_word' id='word_1_30' title='bbox 662 502 854 562; x_wconf 81' lang='lat' dir='ltr'>condisceret</span> <span class='ocrx_word' id='word_1_31' title='bbox 868 501 919 575; x_wconf 83' lang='lat' dir='ltr'>qui</span> <span class='ocrx_word' id='word_1_32' title='bbox 935 501 1083 575; x_wconf 89' lang='lat' dir='ltr'>pecuniae</span> 
     </span>
     <span class='ocr_line' id='line_1_5' title="bbox 63 585 1084 649; baseline -0.005 0"><span class='ocrx_word' id='word_1_33' title='bbox 63 592 177 649; x_wconf 90' lang='lat' dir='ltr'>lructus</span> <span class='ocrx_word' id='word_1_34' title='bbox 199 596 294 648; x_wconf 88' lang='lat' dir='ltr'>esset:</span> <span class='ocrx_word' id='word_1_35' title='bbox 317 595 415 646; x_wconf 87' lang='lat' dir='ltr'>tamen</span> <span class='ocrx_word' id='word_1_36' title='bbox 436 585 577 645; x_wconf 91' lang='lat' dir='ltr'>inductus</span> <span class='ocrx_word' id='word_1_37' title='bbox 596 585 816 644; x_wconf 90' lang='lat' dir='ltr'>consuetudine</span> <span class='ocrx_word' id='word_1_38' title='bbox 834 602 870 644; x_wconf 91' lang='lat' dir='ltr'>ac</span> <span class='ocrx_word' id='word_1_39' title='bbox 886 585 1084 644; x_wconf 83' lang='lat' dir='ltr'>familiaritate</span> 
     </span>
     <span class='ocr_line' id='line_1_6' title="bbox 62 668 1084 746; baseline -0.007 -13"><span class='ocrx_word' id='word_1_40' title='bbox 62 673 217 746; x_wconf 89' lang='lat' dir='ltr'>Quinctius</span> <span class='ocrx_word' id='word_1_41' title='bbox 241 670 324 739; x_wconf 88' lang='lat' dir='ltr'>lecit,</span> <span class='ocrx_word' id='word_1_42' title='bbox 347 668 478 740; x_wconf 78' lang='lat' dir='ltr'>uldini,</span> <span class='ocrx_word' id='word_1_43' title='bbox 501 671 675 729; x_wconf 89' lang='lat' dir='ltr'>societatem</span> <span class='ocrx_word' id='word_1_44' title='bbox 697 685 800 727; x_wconf 87' lang='lat' dir='ltr'>earum</span> <span class='ocrx_word' id='word_1_45' title='bbox 819 685 934 741; x_wconf 88' lang='lat' dir='ltr'>rerum,</span> <span class='ocrx_word' id='word_1_46' title='bbox 958 669 1084 743; x_wconf 86' lang='lat' dir='ltr'>quaein</span> 
     </span>
     <span class='ocr_line' id='line_1_7' title="bbox 62 751 1086 828; baseline -0.006 -12"><span class='ocrx_word' id='word_1_47' title='bbox 62 757 157 816; x_wconf 89' lang='lat' dir='ltr'>Gallia</span> <span class='ocrx_word' id='word_1_48' title='bbox 172 755 432 828; x_wconf 73' lang='lat' dir='ltr'>comparabantur.</span> <span class='ocrx_word' id='word_1_49' title='bbox 460 754 531 812; x_wconf 87' lang='lat' dir='ltr'>Erat</span> <span class='ocrx_word' id='word_1_50' title='bbox 545 752 573 812; x_wconf 89' lang='lat' dir='ltr'>ei</span> <span class='ocrx_word' id='word_1_51' title='bbox 589 751 732 826; x_wconf 84' lang='lat' dir='ltr'>pecuaria</span> <span class='ocrx_word' id='word_1_52' title='bbox 745 767 796 811; x_wconf 89' lang='lat' dir='ltr'>res</span> <span class='ocrx_word' id='word_1_53' title='bbox 813 755 913 827; x_wconf 90' lang='lat' dir='ltr'>ampla</span> <span class='ocrx_word' id='word_1_54' title='bbox 927 761 956 812; x_wconf 92' lang='lat' dir='ltr'>et</span> <span class='ocrx_word' id='word_1_55' title='bbox 971 751 1086 811; x_wconf 88' lang='lat' dir='ltr'>rustica</span> 
     </span>
     <span class='ocr_line' id='line_1_8' title="bbox 62 835 1084 910; baseline -0.005 -10"><span class='ocrx_word' id='word_1_56' title='bbox 62 856 136 900; x_wconf 90' lang='lat' dir='ltr'>sane</span> <span class='ocrx_word' id='word_1_57' title='bbox 151 840 229 898; x_wconf 89' lang='lat' dir='ltr'>bene</span> <span class='ocrx_word' id='word_1_58' title='bbox 244 839 323 896; x_wconf 88' lang='lat' dir='ltr'>culta</span> <span class='ocrx_word' id='word_1_59' title='bbox 338 847 367 897; x_wconf 90' lang='lat' dir='ltr'>ct</span> <span class='ocrx_word' id='word_1_60' title='bbox 382 839 546 896; x_wconf 77' lang='lat' dir='ltr'>fructuosa.</span> <span class='ocrx_word' id='word_1_61' title='bbox 568 835 691 897; x_wconf 75' lang='lat' dir='ltr'>Tollitur</span> <span class='ocrx_word' id='word_1_62' title='bbox 705 836 743 894; x_wconf 90' lang='lat' dir='ltr'>ab</span> <span class='ocrx_word' id='word_1_63' title='bbox 758 835 841 895; x_wconf 87' lang='lat' dir='ltr'>atriis</span> <span class='ocrx_word' id='word_1_64' title='bbox 855 835 978 896; x_wconf 91' lang='lat' dir='ltr'>Liciniis</span> <span class='ocrx_word' id='word_1_65' title='bbox 992 844 1084 910; x_wconf 87' lang='lat' dir='ltr'>atque</span> 
     </span>
     <span class='ocr_line' id='line_1_9' title="bbox 62 918 1083 998; baseline -0.006 -14"><span class='ocrx_word' id='word_1_66' title='bbox 62 942 81 984; x_wconf 91' lang='lat' dir='ltr'>a</span> <span class='ocrx_word' id='word_1_67' title='bbox 94 938 278 998; x_wconf 84' lang='lat' dir='ltr'>praeconum</span> <span class='ocrx_word' id='word_1_68' title='bbox 293 937 442 981; x_wconf 88' lang='lat' dir='ltr'>consessu</span> <span class='ocrx_word' id='word_1_69' title='bbox 458 920 488 980; x_wconf 91' lang='lat' dir='ltr'>iu</span> <span class='ocrx_word' id='word_1_70' title='bbox 503 918 628 986; x_wconf 82' lang='lat' dir='ltr'>Galliam</span> <span class='ocrx_word' id='word_1_71' title='bbox 639 918 771 978; x_wconf 81' lang='lat' dir='ltr'>Naevius</span> <span class='ocrx_word' id='word_1_72' title='bbox 788 926 818 978; x_wconf 86' lang='lat' dir='ltr'>ct</span> <span class='ocrx_word' id='word_1_73' title='bbox 828 927 910 979; x_wconf 89' lang='lat' dir='ltr'>trans</span> <span class='ocrx_word' id='word_1_74' title='bbox 922 921 1018 994; x_wconf 81' lang='lat' dir='ltr'>Alpes</span> <span class='ocrx_word' id='word_1_75' title='bbox 1034 935 1083 979; x_wconf 93' lang='lat' dir='ltr'>us-</span> 
     </span>
     <span class='ocr_line' id='line_1_10' title="bbox 62 1001 1085 1083; baseline -0.006 -17"><span class='ocrx_word' id='word_1_76' title='bbox 62 1024 122 1083; x_wconf 92' lang='lat' dir='ltr'>que</span> <span class='ocrx_word' id='word_1_77' title='bbox 137 1007 323 1067; x_wconf 80' lang='lat' dir='ltr'>transfertur.</span> <span class='ocrx_word' id='word_1_78' title='bbox 358 1004 404 1064; x_wconf 89' lang='lat' dir='ltr'>Fit</span> <span class='ocrx_word' id='word_1_79' title='bbox 422 1020 530 1078; x_wconf 81' lang='lat' dir='ltr'>magna</span> <span class='ocrx_word' id='word_1_80' title='bbox 544 1002 668 1063; x_wconf 84' lang='lat' dir='ltr'>mutatio</span> <span class='ocrx_word' id='word_1_81' title='bbox 686 1001 761 1073; x_wconf 89' lang='lat' dir='ltr'>loci,</span> <span class='ocrx_word' id='word_1_82' title='bbox 784 1019 844 1061; x_wconf 92' lang='lat' dir='ltr'>non</span> <span class='ocrx_word' id='word_1_83' title='bbox 860 1001 981 1076; x_wconf 80' lang='lat' dir='ltr'>ingenii.</span> <span class='ocrx_word' id='word_1_84' title='bbox 1009 1003 1085 1061; x_wconf 85' lang='lat' dir='ltr'>Nam</span> 
     </span>
     <span class='ocr_line' id='line_1_11' title="bbox 63 1085 1083 1166; baseline -0.006 -16"><span class='ocrx_word' id='word_1_85' title='bbox 63 1091 115 1166; x_wconf 91' lang='lat' dir='ltr'>qui</span> <span class='ocrx_word' id='word_1_86' title='bbox 133 1091 171 1149; x_wconf 88' lang='lat' dir='ltr'>ab</span> <span class='ocrx_word' id='word_1_87' title='bbox 186 1089 380 1149; x_wconf 87' lang='lat' dir='ltr'>adolescente</span> <span class='ocrx_word' id='word_1_88' title='bbox 398 1095 556 1163; x_wconf 88' lang='lat' dir='ltr'>quaestum</span> <span class='ocrx_word' id='word_1_89' title='bbox 572 1085 629 1146; x_wconf 89' lang='lat' dir='ltr'>sibi</span> <span class='ocrx_word' id='word_1_90' title='bbox 643 1085 824 1145; x_wconf 85' lang='lat' dir='ltr'>instituisset</span> <span class='ocrx_word' id='word_1_91' title='bbox 838 1085 904 1146; x_wconf 89' lang='lat' dir='ltr'>sinc</span> <span class='ocrx_word' id='word_1_92' title='bbox 918 1086 1083 1161; x_wconf 90' lang='lat' dir='ltr'>impendio,</span> 
     </span>
     <span class='ocr_line' id='line_1_12' title="bbox 65 1169 1085 1249; baseline -0.006 -16"><span class='ocrx_word' id='word_1_93' title='bbox 65 1183 172 1249; x_wconf 88' lang='lat' dir='ltr'>postca</span> <span class='ocrx_word' id='word_1_94' title='bbox 192 1189 282 1248; x_wconf 92' lang='lat' dir='ltr'>quam</span> <span class='ocrx_word' id='word_1_95' title='bbox 306 1173 410 1232; x_wconf 91' lang='lat' dir='ltr'>nescio</span> <span class='ocrx_word' id='word_1_96' title='bbox 435 1171 507 1246; x_wconf 89' lang='lat' dir='ltr'>quid</span> <span class='ocrx_word' id='word_1_97' title='bbox 523 1169 670 1245; x_wconf 88' lang='lat' dir='ltr'>impendit</span> <span class='ocrx_word' id='word_1_98' title='bbox 684 1169 757 1229; x_wconf 91' lang='lat' dir='ltr'>etin</span> <span class='ocrx_word' id='word_1_99' title='bbox 777 1186 935 1229; x_wconf 91' lang='lat' dir='ltr'>commune</span> <span class='ocrx_word' id='word_1_100' title='bbox 951 1169 1085 1241; x_wconf 90' lang='lat' dir='ltr'>contulit,</span> 
     </span>
     <span class='ocr_line' id='line_1_13' title="bbox 62 1250 1082 1330; baseline -0.005 -14"><span class='ocrx_word' id='word_1_101' title='bbox 62 1256 207 1316; x_wconf 88' lang='lat' dir='ltr'>mediocri</span> <span class='ocrx_word' id='word_1_102' title='bbox 224 1263 352 1330; x_wconf 90' lang='lat' dir='ltr'>quaestu</span> <span class='ocrx_word' id='word_1_103' title='bbox 367 1264 526 1315; x_wconf 90' lang='lat' dir='ltr'>contentus</span> <span class='ocrx_word' id='word_1_104' title='bbox 541 1270 612 1314; x_wconf 86' lang='lat' dir='ltr'>csse</span> <span class='ocrx_word' id='word_1_105' title='bbox 628 1271 687 1314; x_wconf 94' lang='lat' dir='ltr'>non</span> <span class='ocrx_word' id='word_1_106' title='bbox 708 1261 834 1327; x_wconf 88' lang='lat' dir='ltr'>poterat.</span> <span class='ocrx_word' id='word_1_107' title='bbox 874 1250 921 1312; x_wconf 85' lang='lat'>13.</span> <span class='ocrx_word' id='word_1_108' title='bbox 946 1255 1008 1314; x_wconf 89' lang='lat' dir='ltr'>Nec</span> <span class='ocrx_word' id='word_1_109' title='bbox 1030 1254 1082 1312; x_wconf 96' lang='lat' dir='ltr'>mi-</span> 
     </span>
     <span class='ocr_line' id='line_1_14' title="bbox 64 1336 1085 1413; baseline -0.003 -14"><span class='ocrx_word' id='word_1_110' title='bbox 64 1358 144 1413; x_wconf 87' lang='lat' dir='ltr'>rum,</span> <span class='ocrx_word' id='word_1_111' title='bbox 165 1339 191 1400; x_wconf 94' lang='lat' dir='ltr'>si</span> <span class='ocrx_word' id='word_1_112' title='bbox 212 1339 255 1412; x_wconf 91' lang='lat' dir='ltr'>is,</span> <span class='ocrx_word' id='word_1_113' title='bbox 282 1339 334 1413; x_wconf 92' lang='lat' dir='ltr'>qui</span> <span class='ocrx_word' id='word_1_114' title='bbox 354 1356 461 1398; x_wconf 90' lang='lat' dir='ltr'>vocem</span> <span class='ocrx_word' id='word_1_115' title='bbox 483 1340 621 1397; x_wconf 84' lang='lat' dir='ltr'>venalem</span> <span class='ocrx_word' id='word_1_116' title='bbox 642 1336 803 1409; x_wconf 86' lang='lat' dir='ltr'>habuerat,</span> <span class='ocrx_word' id='word_1_117' title='bbox 825 1354 878 1409; x_wconf 90' lang='lat' dir='ltr'>ea,</span> <span class='ocrx_word' id='word_1_118' title='bbox 909 1353 987 1411; x_wconf 87' lang='lat' dir='ltr'>quae</span> <span class='ocrx_word' id='word_1_119' title='bbox 1009 1354 1085 1397; x_wconf 89' lang='lat' dir='ltr'>voce</span> 
     </span>
     <span class='ocr_line' id='line_1_15' title="bbox 65 1421 1086 1500; baseline -0.005 -17"><span class='ocrx_word' id='word_1_120' title='bbox 65 1427 249 1500; x_wconf 84' lang='lat' dir='ltr'>quaesierat,</span> <span class='ocrx_word' id='word_1_121' title='bbox 261 1439 371 1497; x_wconf 80' lang='lat' dir='ltr'>magno</span> <span class='ocrx_word' id='word_1_122' title='bbox 385 1422 442 1482; x_wconf 94' lang='lat' dir='ltr'>sibi</span> <span class='ocrx_word' id='word_1_123' title='bbox 455 1421 593 1496; x_wconf 88' lang='lat' dir='ltr'>quaestui</span> <span class='ocrx_word' id='word_1_124' title='bbox 608 1422 672 1480; x_wconf 87' lang='lat' dir='ltr'>lore</span> <span class='ocrx_word' id='word_1_125' title='bbox 688 1422 819 1495; x_wconf 87' lang='lat' dir='ltr'>putabat.</span> <span class='ocrx_word' id='word_1_126' title='bbox 846 1422 951 1494; x_wconf 87' lang='lat' dir='ltr'>itaque</span> <span class='ocrx_word' id='word_1_127' title='bbox 964 1421 1086 1480; x_wconf 85' lang='lat' dir='ltr'>hercule</span> 
     </span>
     <span class='ocr_line' id='line_1_16' title="bbox 63 1505 1084 1579; baseline -0.006 -11"><span class='ocrx_word' id='word_1_128' title='bbox 63 1509 145 1568; x_wconf 88' lang='lat' dir='ltr'>baud</span> <span class='ocrx_word' id='word_1_129' title='bbox 172 1507 362 1567; x_wconf 87' lang='lat' dir='ltr'>mediocriter</span> <span class='ocrx_word' id='word_1_130' title='bbox 384 1508 422 1564; x_wconf 87' lang='lat' dir='ltr'>de</span> <span class='ocrx_word' id='word_1_131' title='bbox 442 1505 592 1566; x_wconf 91' lang='lat' dir='ltr'>communi</span> <span class='ocrx_word' id='word_1_132' title='bbox 615 1505 762 1578; x_wconf 85' lang='lat' dir='ltr'>quidquid</span> <span class='ocrx_word' id='word_1_133' title='bbox 791 1513 909 1579; x_wconf 87' lang='lat' dir='ltr'>poterat</span> <span class='ocrx_word' id='word_1_134' title='bbox 933 1506 971 1564; x_wconf 91' lang='lat' dir='ltr'>ad</span> <span class='ocrx_word' id='word_1_135' title='bbox 999 1522 1033 1564; x_wconf 89' lang='lat' dir='ltr'>sc</span> <span class='ocrx_word' id='word_1_136' title='bbox 1056 1505 1084 1563; x_wconf 94' lang='lat' dir='ltr'>in</span> 
     </span>
     <span class='ocr_line' id='line_1_17' title="bbox 64 1587 1084 1665; baseline -0.004 -15"><span class='ocrx_word' id='word_1_137' title='bbox 64 1592 211 1665; x_wconf 87' lang='lat' dir='ltr'>privatam</span> <span class='ocrx_word' id='word_1_138' title='bbox 222 1591 343 1650; x_wconf 82' lang='lat' dir='ltr'>domurn</span> <span class='ocrx_word' id='word_1_139' title='bbox 357 1590 530 1649; x_wconf 81' lang='lat' dir='ltr'>sevocabat.</span> <span class='ocrx_word' id='word_1_140' title='bbox 550 1589 613 1661; x_wconf 90' lang='lat' dir='ltr'>Qua</span> <span class='ocrx_word' id='word_1_141' title='bbox 625 1588 653 1646; x_wconf 91' lang='lat' dir='ltr'>in</span> <span class='ocrx_word' id='word_1_142' title='bbox 667 1589 752 1648; x_wconf 84' lang='lat' dir='ltr'>reita</span> <span class='ocrx_word' id='word_1_143' title='bbox 764 1589 892 1664; x_wconf 76' lang='lat' dir='ltr'>diligens</span> <span class='ocrx_word' id='word_1_144' title='bbox 905 1597 981 1659; x_wconf 89' lang='lat' dir='ltr'>erat,</span> <span class='ocrx_word' id='word_1_145' title='bbox 998 1587 1084 1662; x_wconf 77' lang='lat' dir='ltr'>quasi</span> 
     </span>
     <span class='ocr_line' id='line_1_18' title="bbox 63 1672 1085 1748; baseline -0.005 -14"><span class='ocrx_word' id='word_1_146' title='bbox 63 1675 101 1748; x_wconf 88' lang='grc'>11,</span> <span class='ocrx_word' id='word_1_147' title='bbox 122 1676 173 1748; x_wconf 87' lang='lat' dir='ltr'>qut</span> <span class='ocrx_word' id='word_1_148' title='bbox 188 1690 297 1748; x_wconf 85' lang='lat' dir='ltr'>magna</span> <span class='ocrx_word' id='word_1_149' title='bbox 310 1674 370 1732; x_wconf 87' lang='lat' dir='ltr'>lide</span> <span class='ocrx_word' id='word_1_150' title='bbox 391 1672 567 1733; x_wconf 81' lang='lat' dir='ltr'>societatem</span> <span class='ocrx_word' id='word_1_151' title='bbox 587 1682 738 1745; x_wconf 80' lang='lat' dir='ltr'>gererent,</span> <span class='ocrx_word' id='word_1_152' title='bbox 761 1674 984 1747; x_wconf 87' lang='lat' dir='ltr'>arbitriumpro</span> <span class='ocrx_word' id='word_1_153' title='bbox 1001 1672 1085 1733; x_wconf 90' lang='lat' dir='ltr'>socio</span> 
     </span>
     <span class='ocr_line' id='line_1_19' title="bbox 65 1755 1086 1819; baseline -0.004 -1"><span class='ocrx_word' id='word_1_154' title='bbox 65 1757 259 1819; x_wconf 89' lang='lat' dir='ltr'>condemnari</span> <span class='ocrx_word' id='word_1_155' title='bbox 279 1758 420 1816; x_wconf 87' lang='lat' dir='ltr'>solerent.</span> <span class='ocrx_word' id='word_1_156' title='bbox 449 1757 562 1815; x_wconf 88' lang='lat' dir='ltr'>Verum</span> <span class='ocrx_word' id='word_1_157' title='bbox 581 1755 628 1815; x_wconf 87' lang='lat' dir='ltr'>lris</span> <span class='ocrx_word' id='word_1_158' title='bbox 649 1757 686 1815; x_wconf 86' lang='lat' dir='ltr'>de</span> <span class='ocrx_word' id='word_1_159' title='bbox 706 1757 799 1817; x_wconf 88' lang='lat' dir='ltr'>rebus</span> <span class='ocrx_word' id='word_1_160' title='bbox 814 1775 875 1818; x_wconf 92' lang='lat' dir='ltr'>non</span> <span class='ocrx_word' id='word_1_161' title='bbox 890 1772 1019 1816; x_wconf 88' lang='lat' dir='ltr'>necesse</span> <span class='ocrx_word' id='word_1_162' title='bbox 1033 1756 1086 1814; x_wconf 84' lang='lat' dir='ltr'>lta·</span> 
     </span>
     <span class='ocr_line' id='line_1_20' title="bbox 64 1839 1085 1916; baseline -0.008 -15"><span class='ocrx_word' id='word_1_163' title='bbox 64 1843 123 1902; x_wconf 90' lang='lat' dir='ltr'>beo</span> <span class='ocrx_word' id='word_1_164' title='bbox 145 1842 246 1900; x_wconf 88' lang='lat' dir='ltr'>dicere</span> <span class='ocrx_word' id='word_1_165' title='bbox 269 1856 319 1912; x_wconf 90' lang='lat' dir='ltr'>ea,</span> <span class='ocrx_word' id='word_1_166' title='bbox 346 1856 424 1914; x_wconf 88' lang='lat' dir='ltr'>quae</span> <span class='ocrx_word' id='word_1_167' title='bbox 446 1856 494 1898; x_wconf 88' lang='lat' dir='ltr'>me</span> <span class='ocrx_word' id='word_1_168' title='bbox 514 1840 544 1898; x_wconf 90' lang='lat' dir='ltr'>P.</span> <span class='ocrx_word' id='word_1_169' title='bbox 563 1839 718 1911; x_wconf 80' lang='lat' dir='ltr'>Quinctius</span> <span class='ocrx_word' id='word_1_170' title='bbox 733 1841 815 1916; x_wconf 89' lang='lat' dir='ltr'>cupit</span> <span class='ocrx_word' id='word_1_171' title='bbox 831 1856 1085 1905; x_wconf 85' lang='lat' dir='ltr'>commemorare:</span> 
     </span>
     <span class='ocr_line' id='line_1_21' title="bbox 65 1921 1085 1998; baseline -0.003 -13"><span class='ocrx_word' id='word_1_172' title='bbox 65 1924 184 1985; x_wconf 89' lang='lat' dir='ltr'>tametsi</span> <span class='ocrx_word' id='word_1_173' title='bbox 203 1939 297 1983; x_wconf 89' lang='lat' dir='ltr'>causa</span> <span class='ocrx_word' id='word_1_174' title='bbox 320 1925 470 1997; x_wconf 86' lang='lat' dir='ltr'>postulat,</span> <span class='ocrx_word' id='word_1_175' title='bbox 491 1933 590 1984; x_wconf 88' lang='lat' dir='ltr'>tamen</span> <span class='ocrx_word' id='word_1_176' title='bbox 613 1923 684 1997; x_wconf 91' lang='lat' dir='ltr'>quia</span> <span class='ocrx_word' id='word_1_177' title='bbox 707 1926 855 1998; x_wconf 90' lang='lat' dir='ltr'>postulat,</span> <span class='ocrx_word' id='word_1_178' title='bbox 880 1942 941 1985; x_wconf 94' lang='lat' dir='ltr'>nou</span> <span class='ocrx_word' id='word_1_179' title='bbox 956 1921 1085 1997; x_wconf 79' lang='lat' dir='ltr'>flagitat,</span> 
     </span>
     <span class='ocr_line' id='line_1_22' title="bbox 67 2007 247 2083; baseline -0.017 -17"><span class='ocrx_word' id='word_1_180' title='bbox 67 2007 247 2083; x_wconf 87' lang='lat' dir='ltr'>praeteribo.</span> 
     </span>
    </p>

    <p class='ocr_par' dir='ltr' id='par_1_3' title="bbox 10 2087 1090 3505">
     <span class='ocr_line' id='line_1_23' title="bbox 149 2087 1088 2165; baseline 0 -16"><span class='ocrx_word' id='word_1_181' title='bbox 149 2092 199 2149; x_wconf 90' lang='lat' dir='ltr'>lV.</span> <span class='ocrx_word' id='word_1_182' title='bbox 223 2087 271 2150; x_wconf 81' lang='lat' dir='ltr'>tl.</span> <span class='ocrx_word' id='word_1_183' title='bbox 300 2090 397 2163; x_wconf 92' lang='lat' dir='ltr'>Quum</span> <span class='ocrx_word' id='word_1_184' title='bbox 417 2107 515 2150; x_wconf 90' lang='lat' dir='ltr'>annos</span> <span class='ocrx_word' id='word_1_185' title='bbox 535 2089 595 2150; x_wconf 89' lang='lat' dir='ltr'>iam</span> <span class='ocrx_word' id='word_1_186' title='bbox 616 2092 787 2165; x_wconf 87' lang='lat' dir='ltr'>complures</span> <span class='ocrx_word' id='word_1_187' title='bbox 809 2092 940 2152; x_wconf 86' lang='lat' dir='ltr'>societas</span> <span class='ocrx_word' id='word_1_188' title='bbox 956 2098 1039 2150; x_wconf 88' lang='lat' dir='ltr'>essct</span> <span class='ocrx_word' id='word_1_189' title='bbox 1058 2100 1088 2150; x_wconf 88' lang='lat' dir='ltr'>ct</span> 
     </span>
     <span class='ocr_line' id='line_1_24' title="bbox 68 2173 1089 2251; baseline -0.002 -16"><span class='ocrx_word' id='word_1_190' title='bbox 68 2192 160 2251; x_wconf 91' lang='lat' dir='ltr'>quum</span> <span class='ocrx_word' id='word_1_191' title='bbox 182 2190 274 2248; x_wconf 86' lang='lat' dir='ltr'>saepe</span> <span class='ocrx_word' id='word_1_192' title='bbox 297 2182 459 2249; x_wconf 89' lang='lat' dir='ltr'>suspectus</span> <span class='ocrx_word' id='word_1_193' title='bbox 476 2173 612 2245; x_wconf 90' lang='lat' dir='ltr'>Quinctio</span> <span class='ocrx_word' id='word_1_194' title='bbox 624 2175 756 2235; x_wconf 88' lang='lat' dir='ltr'>Naevius</span> <span class='ocrx_word' id='word_1_195' title='bbox 778 2175 900 2250; x_wconf 85' lang='lat' dir='ltr'>luisset,</span> <span class='ocrx_word' id='word_1_196' title='bbox 926 2191 1025 2248; x_wconf 82' lang='lat' dir='ltr'>neque</span> <span class='ocrx_word' id='word_1_197' title='bbox 1048 2175 1089 2233; x_wconf 88' lang='lat' dir='ltr'>ita</span> 
     </span>
     <span class='ocr_line' id='line_1_25' title="bbox 68 2252 1087 2333; baseline -0.003 -14"><span class='ocrx_word' id='word_1_198' title='bbox 68 2257 227 2319; x_wconf 86' lang='lat' dir='ltr'>commode</span> <span class='ocrx_word' id='word_1_199' title='bbox 248 2252 357 2332; x_wconf 79' lang='lat' dir='ltr'>pdssct</span> <span class='ocrx_word' id='word_1_200' title='bbox 370 2258 517 2318; x_wconf 87' lang='lat' dir='ltr'>rationem</span> <span class='ocrx_word' id='word_1_201' title='bbox 532 2258 660 2317; x_wconf 88' lang='lat' dir='ltr'>reddere</span> <span class='ocrx_word' id='word_1_202' title='bbox 677 2275 779 2319; x_wconf 89' lang='lat' dir='ltr'>earum</span> <span class='ocrx_word' id='word_1_203' title='bbox 793 2276 908 2331; x_wconf 89' lang='lat' dir='ltr'>rerum,</span> <span class='ocrx_word' id='word_1_204' title='bbox 931 2275 1008 2333; x_wconf 87' lang='lat' dir='ltr'>quas</span> <span class='ocrx_word' id='word_1_205' title='bbox 1022 2257 1087 2316; x_wconf 93' lang='lat' dir='ltr'>libi-</span> 
     </span>
     <span class='ocr_line' id='line_1_26' title="bbox 67 2341 1087 2416; baseline -0.003 -14"><span class='ocrx_word' id='word_1_206' title='bbox 67 2342 152 2414; x_wconf 90' lang='lat' dir='ltr'>dine,</span> <span class='ocrx_word' id='word_1_207' title='bbox 165 2358 225 2400; x_wconf 91' lang='lat' dir='ltr'>non</span> <span class='ocrx_word' id='word_1_208' title='bbox 237 2342 353 2401; x_wconf 87' lang='lat' dir='ltr'>ratione</span> <span class='ocrx_word' id='word_1_209' title='bbox 366 2350 516 2416; x_wconf 81' lang='lat' dir='ltr'>gesserat,</span> <span class='ocrx_word' id='word_1_210' title='bbox 530 2341 653 2400; x_wconf 91' lang='lat' dir='ltr'>moritur</span> <span class='ocrx_word' id='word_1_211' title='bbox 663 2342 691 2400; x_wconf 91' lang='lat' dir='ltr'>in</span> <span class='ocrx_word' id='word_1_212' title='bbox 705 2343 800 2405; x_wconf 89' lang='lat' dir='ltr'>Gallia</span> <span class='ocrx_word' id='word_1_213' title='bbox 811 2342 982 2416; x_wconf 75' lang='lat' dir='ltr'>QuinctiuS,</span> <span class='ocrx_word' id='word_1_214' title='bbox 996 2359 1087 2416; x_wconf 90' lang='lat' dir='ltr'>quum</span> 
     </span>
     <span class='ocr_line' id='line_1_27' title="bbox 67 2424 1087 2499; baseline -0.002 -15"><span class='ocrx_word' id='word_1_215' title='bbox 67 2427 191 2485; x_wconf 90' lang='lat' dir='ltr'>adesset</span> <span class='ocrx_word' id='word_1_216' title='bbox 204 2424 351 2498; x_wconf 84' lang='lat' dir='ltr'>Naeuius,</span> <span class='ocrx_word' id='word_1_217' title='bbox 367 2434 396 2485; x_wconf 86' lang='lat' dir='ltr'>et</span> <span class='ocrx_word' id='word_1_218' title='bbox 411 2425 536 2485; x_wconf 89' lang='lat' dir='ltr'>moritur</span> <span class='ocrx_word' id='word_1_219' title='bbox 550 2425 717 2499; x_wconf 88' lang='lat' dir='ltr'>repentino.</span> <span class='ocrx_word' id='word_1_220' title='bbox 746 2427 897 2486; x_wconf 85' lang='lat' dir='ltr'>Heredem</span> <span class='ocrx_word' id='word_1_221' title='bbox 908 2432 1087 2486; x_wconf 87' lang='lat' dir='ltr'>testamento</span> 
     </span>
     <span class='ocr_line' id='line_1_28' title="bbox 66 2507 1088 2584; baseline -0.003 -16"><span class='ocrx_word' id='word_1_222' title='bbox 66 2508 188 2584; x_wconf 90' lang='lat' dir='ltr'>reliquit</span> <span class='ocrx_word' id='word_1_223' title='bbox 210 2508 290 2568; x_wconf 92' lang='lat' dir='ltr'>hunc</span> <span class='ocrx_word' id='word_1_224' title='bbox 309 2509 339 2567; x_wconf 90' lang='lat' dir='ltr'>P.</span> <span class='ocrx_word' id='word_1_225' title='bbox 358 2507 539 2581; x_wconf 88' lang='lat' dir='ltr'>Quinctium,</span> <span class='ocrx_word' id='word_1_226' title='bbox 565 2516 612 2581; x_wconf 90' lang='lat' dir='ltr'>ut,</span> <span class='ocrx_word' id='word_1_227' title='bbox 635 2509 674 2567; x_wconf 90' lang='lat' dir='ltr'>ad</span> <span class='ocrx_word' id='word_1_228' title='bbox 696 2527 786 2583; x_wconf 86' lang='lat' dir='ltr'>quem</span> <span class='ocrx_word' id='word_1_229' title='bbox 811 2526 945 2570; x_wconf 87' lang='lat' dir='ltr'>summus</span> <span class='ocrx_word' id='word_1_230' title='bbox 969 2526 1088 2570; x_wconf 85' lang='lat' dir='ltr'>maeror</span> 
     </span>
     <span class='ocr_line' id='line_1_29' title="bbox 68 2591 1088 2669; baseline -0.001 -18"><span class='ocrx_word' id='word_1_231' title='bbox 68 2601 163 2652; x_wconf 87' lang='lat' dir='ltr'>morte</span> <span class='ocrx_word' id='word_1_232' title='bbox 178 2591 399 2664; x_wconf 86' lang='lat' dir='ltr'>suaveniebat,</span> <span class='ocrx_word' id='word_1_233' title='bbox 416 2591 454 2651; x_wconf 85' lang='lat' dir='ltr'>ad</span> <span class='ocrx_word' id='word_1_234' title='bbox 471 2592 609 2650; x_wconf 85' lang='lat' dir='ltr'>eumdem</span> <span class='ocrx_word' id='word_1_235' title='bbox 623 2610 757 2653; x_wconf 90' lang='lat' dir='ltr'>summus</span> <span class='ocrx_word' id='word_1_236' title='bbox 772 2594 870 2655; x_wconf 88' lang='lat' dir='ltr'>honos</span> <span class='ocrx_word' id='word_1_237' title='bbox 884 2609 1006 2669; x_wconf 84' lang='lat' dir='ltr'>quoque</span> <span class='ocrx_word' id='word_1_238' title='bbox 1020 2609 1088 2668; x_wconf 88' lang='lat' dir='ltr'>per-</span> 
     </span>
     <span class='ocr_line' id='line_1_30' title="bbox 67 2675 1087 2752; baseline 0 -18"><span class='ocrx_word' id='word_1_239' title='bbox 67 2676 193 2735; x_wconf 81' lang='lat' dir='ltr'>veniret.</span> <span class='ocrx_word' id='word_1_240' title='bbox 235 2675 284 2737; x_wconf 78' lang='lat'>15.</span> <span class='ocrx_word' id='word_1_241' title='bbox 308 2675 371 2747; x_wconf 93' lang='lat' dir='ltr'>Quo</span> <span class='ocrx_word' id='word_1_242' title='bbox 388 2684 504 2735; x_wconf 89' lang='lat' dir='ltr'>mortuo</span> <span class='ocrx_word' id='word_1_243' title='bbox 521 2692 577 2734; x_wconf 89' lang='lat' dir='ltr'>nec</span> <span class='ocrx_word' id='word_1_244' title='bbox 591 2675 631 2735; x_wconf 88' lang='lat' dir='ltr'>ita</span> <span class='ocrx_word' id='word_1_245' title='bbox 644 2678 735 2736; x_wconf 91' lang='lat' dir='ltr'>multo</span> <span class='ocrx_word' id='word_1_246' title='bbox 751 2686 822 2752; x_wconf 89' lang='lat' dir='ltr'>post</span> <span class='ocrx_word' id='word_1_247' title='bbox 835 2678 864 2737; x_wconf 95' lang='lat' dir='ltr'>in</span> <span class='ocrx_word' id='word_1_248' title='bbox 878 2678 1001 2737; x_wconf 89' lang='lat' dir='ltr'>Galliam</span> <span class='ocrx_word' id='word_1_249' title='bbox 1018 2693 1087 2750; x_wconf 92' lang='lat' dir='ltr'>pro-</span> 
     </span>
     <span class='ocr_line' id='line_1_31' title="bbox 69 2758 1087 2832; baseline -0.003 -14"><span class='ocrx_word' id='word_1_250' title='bbox 69 2758 215 2820; x_wconf 86' lang='lat' dir='ltr'>ficiscitur</span> <span class='ocrx_word' id='word_1_251' title='bbox 234 2758 400 2832; x_wconf 84' lang='lat' dir='ltr'>Quinctius.</span> <span class='ocrx_word' id='word_1_252' title='bbox 433 2759 478 2819; x_wconf 92' lang='lat' dir='ltr'>lbi</span> <span class='ocrx_word' id='word_1_253' title='bbox 499 2775 567 2819; x_wconf 87' lang='lat' dir='ltr'>curn</span> <span class='ocrx_word' id='word_1_254' title='bbox 588 2758 645 2819; x_wconf 89' lang='lat' dir='ltr'>isto</span> <span class='ocrx_word' id='word_1_255' title='bbox 667 2761 780 2820; x_wconf 88' lang='lat' dir='ltr'>Naevio</span> <span class='ocrx_word' id='word_1_256' title='bbox 804 2761 987 2821; x_wconf 81' lang='lat' dir='ltr'>familiariter</span> <span class='ocrx_word' id='word_1_257' title='bbox 1006 2759 1087 2817; x_wconf 82' lang='lat' dir='ltr'>vivit.</span> 
     </span>
     <span class='ocr_line' id='line_1_32' title="bbox 68 2840 1088 2917; baseline -0.002 -15"><span class='ocrx_word' id='word_1_258' title='bbox 68 2845 190 2902; x_wconf 84' lang='lat' dir='ltr'>Annum</span> <span class='ocrx_word' id='word_1_259' title='bbox 209 2843 272 2903; x_wconf 86' lang='lat' dir='ltr'>sere</span> <span class='ocrx_word' id='word_1_260' title='bbox 292 2858 352 2901; x_wconf 89' lang='lat' dir='ltr'>una</span> <span class='ocrx_word' id='word_1_261' title='bbox 370 2849 456 2916; x_wconf 85' lang='lat' dir='ltr'>sunt,</span> <span class='ocrx_word' id='word_1_262' title='bbox 474 2840 566 2917; x_wconf 73' lang='lat' dir='ltr'>t&#39;tuum</span> <span class='ocrx_word' id='word_1_263' title='bbox 587 2851 617 2902; x_wconf 93' lang='lat' dir='ltr'>et</span> <span class='ocrx_word' id='word_1_264' title='bbox 637 2844 675 2904; x_wconf 88' lang='lat' dir='ltr'>de</span> <span class='ocrx_word' id='word_1_265' title='bbox 697 2843 842 2905; x_wconf 86' lang='lat' dir='ltr'>societate</span> <span class='ocrx_word' id='word_1_266' title='bbox 857 2846 949 2905; x_wconf 90' lang='lat' dir='ltr'>multa</span> <span class='ocrx_word' id='word_1_267' title='bbox 963 2845 1039 2904; x_wconf 91' lang='lat' dir='ltr'>inter</span> <span class='ocrx_word' id='word_1_268' title='bbox 1055 2859 1088 2900; x_wconf 91' lang='lat' dir='ltr'>se</span> 
     </span>
     <span class='ocr_line' id='line_1_33' title="bbox 71 2926 1088 3002; baseline -0.005 -18"><span class='ocrx_word' id='word_1_269' title='bbox 71 2927 326 2987; x_wconf 88' lang='lat' dir='ltr'>communicarent</span> <span class='ocrx_word' id='word_1_270' title='bbox 347 2934 376 2985; x_wconf 89' lang='lat' dir='ltr'>et</span> <span class='ocrx_word' id='word_1_271' title='bbox 397 2927 436 2985; x_wconf 90' lang='lat' dir='ltr'>de</span> <span class='ocrx_word' id='word_1_272' title='bbox 457 2934 520 2985; x_wconf 90' lang='lat' dir='ltr'>tota</span> <span class='ocrx_word' id='word_1_273' title='bbox 540 2926 591 2985; x_wconf 88' lang='lat' dir='ltr'>illa</span> <span class='ocrx_word' id='word_1_274' title='bbox 611 2929 725 2987; x_wconf 87' lang='lat' dir='ltr'>ratione</span> <span class='ocrx_word' id='word_1_275' title='bbox 746 2935 836 3002; x_wconf 87' lang='lat' dir='ltr'>atque</span> <span class='ocrx_word' id='word_1_276' title='bbox 865 2945 897 2988; x_wconf 90' lang='lat' dir='ltr'>re</span> <span class='ocrx_word' id='word_1_277' title='bbox 919 2927 1088 2987; x_wconf 68' lang='lat' dir='ltr'>Gallicanas</span> 
     </span>
     <span class='ocr_line' id='line_1_34' title="bbox 10 3008 1088 3086; baseline 0.002 -20"><span class='ocrx_word' id='word_1_278' title='bbox 10 3008 15 3013; x_wconf 84' lang='lat'>&#39;</span> <span class='ocrx_word' id='word_1_279' title='bbox 69 3025 171 3084; x_wconf 90' lang='lat' dir='ltr'>neque</span> <span class='ocrx_word' id='word_1_280' title='bbox 189 3009 303 3070; x_wconf 90' lang='lat' dir='ltr'>interca</span> <span class='ocrx_word' id='word_1_281' title='bbox 318 3010 443 3071; x_wconf 88' lang='lat' dir='ltr'>verbum</span> <span class='ocrx_word' id='word_1_282' title='bbox 457 3011 550 3069; x_wconf 93' lang='lat' dir='ltr'>ullum</span> <span class='ocrx_word' id='word_1_283' title='bbox 564 3009 743 3084; x_wconf 88' lang='lat' dir='ltr'>interposuit</span> <span class='ocrx_word' id='word_1_284' title='bbox 756 3010 904 3086; x_wconf 87' lang='lat' dir='ltr'>Naevius,</span> <span class='ocrx_word' id='word_1_285' title='bbox 923 3019 974 3071; x_wconf 87' lang='lat' dir='ltr'>aut</span> <span class='ocrx_word' id='word_1_286' title='bbox 991 3009 1088 3071; x_wconf 91' lang='lat' dir='ltr'>socic-</span> 
     </span>
     <span class='ocr_line' id='line_1_35' title="bbox 69 3092 1088 3169; baseline -0.003 -16"><span class='ocrx_word' id='word_1_287' title='bbox 69 3101 160 3155; x_wconf 82' lang='lat' dir='ltr'>tatem</span> <span class='ocrx_word' id='word_1_288' title='bbox 175 3092 232 3153; x_wconf 89' lang='lat' dir='ltr'>sibi</span> <span class='ocrx_word' id='word_1_289' title='bbox 248 3093 402 3169; x_wconf 89' lang='lat' dir='ltr'>quidpiam</span> <span class='ocrx_word' id='word_1_290' title='bbox 418 3094 528 3153; x_wconf 83' lang='lat' dir='ltr'>debere</span> <span class='ocrx_word' id='word_1_291' title='bbox 541 3102 592 3154; x_wconf 89' lang='lat' dir='ltr'>aut</span> <span class='ocrx_word' id='word_1_292' title='bbox 603 3093 742 3168; x_wconf 88' lang='lat' dir='ltr'>privatim</span> <span class='ocrx_word' id='word_1_293' title='bbox 756 3094 922 3167; x_wconf 91' lang='lat' dir='ltr'>Quinctium</span> <span class='ocrx_word' id='word_1_294' title='bbox 935 3093 1088 3154; x_wconf 86' lang='lat' dir='ltr'>debuisse.</span> 
     </span>
     <span class='ocr_line' id='line_1_36' title="bbox 71 3176 1088 3254; baseline -0.003 -18"><span class='ocrx_word' id='word_1_295' title='bbox 71 3176 168 3250; x_wconf 89' lang='lat' dir='ltr'>Quum</span> <span class='ocrx_word' id='word_1_296' title='bbox 188 3176 267 3236; x_wconf 87' lang='lat' dir='ltr'>aeris</span> <span class='ocrx_word' id='word_1_297' title='bbox 289 3177 378 3236; x_wconf 89' lang='lat' dir='ltr'>alieni</span> <span class='ocrx_word' id='word_1_298' title='bbox 398 3177 583 3252; x_wconf 88' lang='lat' dir='ltr'>aliquantum</span> <span class='ocrx_word' id='word_1_299' title='bbox 602 3186 685 3238; x_wconf 86' lang='lat' dir='ltr'>esset</span> <span class='ocrx_word' id='word_1_300' title='bbox 697 3177 847 3250; x_wconf 87' lang='lat' dir='ltr'>relictum,</span> <span class='ocrx_word' id='word_1_301' title='bbox 869 3179 978 3254; x_wconf 89' lang='lat' dir='ltr'>quibus</span> <span class='ocrx_word' id='word_1_302' title='bbox 994 3176 1088 3236; x_wconf 91' lang='lat' dir='ltr'>nomi-</span> 
     </span>
     <span class='ocr_line' id='line_1_37' title="bbox 70 3258 1089 3336; baseline -0.003 -16"><span class='ocrx_word' id='word_1_303' title='bbox 70 3261 160 3320; x_wconf 90' lang='lat' dir='ltr'>nibus</span> <span class='ocrx_word' id='word_1_304' title='bbox 172 3261 330 3335; x_wconf 87' lang='lat' dir='ltr'>pecuuiam</span> <span class='ocrx_word' id='word_1_305' title='bbox 344 3262 458 3322; x_wconf 84' lang='lat' dir='ltr'>Romae</span> <span class='ocrx_word' id='word_1_306' title='bbox 471 3260 569 3321; x_wconf 86' lang='lat' dir='ltr'>curari</span> <span class='ocrx_word' id='word_1_307' title='bbox 584 3269 752 3336; x_wconf 88' lang='lat' dir='ltr'>oporteret,</span> <span class='ocrx_word' id='word_1_308' title='bbox 767 3263 936 3323; x_wconf 90' lang='lat' dir='ltr'>auctionem</span> <span class='ocrx_word' id='word_1_309' title='bbox 952 3261 981 3321; x_wconf 91' lang='lat' dir='ltr'>in</span> <span class='ocrx_word' id='word_1_310' title='bbox 993 3258 1089 3318; x_wconf 88' lang='lat' dir='ltr'>Gallia</span> 
     </span>
     <span class='ocr_line' id='line_1_38' title="bbox 70 3343 1089 3421; baseline -0.002 -18"><span class='ocrx_word' id='word_1_311' title='bbox 70 3344 102 3403; x_wconf 89' lang='lat' dir='ltr'>P.</span> <span class='ocrx_word' id='word_1_312' title='bbox 116 3344 165 3405; x_wconf 90' lang='lat' dir='ltr'>hic</span> <span class='ocrx_word' id='word_1_313' title='bbox 183 3343 338 3416; x_wconf 80' lang='lat' dir='ltr'>Quinctius</span> <span class='ocrx_word' id='word_1_314' title='bbox 353 3346 494 3406; x_wconf 84' lang='lat' dir='ltr'>Narbone</span> <span class='ocrx_word' id='word_1_315' title='bbox 509 3362 542 3404; x_wconf 89' lang='grc'>55</span> <span class='ocrx_word' id='word_1_316' title='bbox 557 3346 704 3404; x_wconf 86' lang='lat' dir='ltr'>facturum</span> <span class='ocrx_word' id='word_1_317' title='bbox 720 3361 791 3405; x_wconf 90' lang='lat' dir='ltr'>esse</span> <span class='ocrx_word' id='word_1_318' title='bbox 804 3344 965 3421; x_wconf 85' lang='lat' dir='ltr'>proscribit</span> <span class='ocrx_word' id='word_1_319' title='bbox 984 3360 1089 3402; x_wconf 86' lang='lat' dir='ltr'>earum</span> 
     </span>
     <span class='ocr_line' id='line_1_39' title="bbox 71 3426 1090 3505; baseline -0.002 -16"><span class='ocrx_word' id='word_1_320' title='bbox 71 3444 186 3505; x_wconf 86' lang='lat' dir='ltr'>rerum,</span> <span class='ocrx_word' id='word_1_321' title='bbox 204 3445 281 3504; x_wconf 87' lang='lat' dir='ltr'>quae</span> <span class='ocrx_word' id='word_1_322' title='bbox 298 3427 396 3502; x_wconf 86' lang='lat' dir='ltr'>ipsius</span> <span class='ocrx_word' id='word_1_323' title='bbox 412 3438 495 3490; x_wconf 91' lang='lat' dir='ltr'>erant</span> <span class='ocrx_word' id='word_1_324' title='bbox 507 3427 652 3505; x_wconf 85' lang='lat' dir='ltr'>privatae.</span> <span class='ocrx_word' id='word_1_325' title='bbox 695 3427 743 3491; x_wconf 89' lang='grc'><strong>16.</strong></span> <span class='ocrx_word' id='word_1_326' title='bbox 764 3429 807 3490; x_wconf 91' lang='lat' dir='ltr'>lbi</span> <span class='ocrx_word' id='word_1_327' title='bbox 824 3438 884 3491; x_wconf 92' lang='lat' dir='ltr'>tum</span> <span class='ocrx_word' id='word_1_328' title='bbox 899 3429 944 3489; x_wconf 87' lang='lat' dir='ltr'>vir</span> <span class='ocrx_word' id='word_1_329' title='bbox 957 3426 1090 3503; x_wconf 88' lang='lat' dir='ltr'>optimus</span> 
     </span>
    </p>
   </div>
   <div class='ocr_carea' id='block_1_3' title="bbox 0 0 1197 3780">
    <p class='ocr_par' dir='ltr' id='par_1_4' title="bbox 0 0 1197 3780">
     <span class='ocr_line' id='line_1_40' title="bbox 0 0 1197 3780; baseline 0 0"><span class='ocrx_word' id='word_1_330' title='bbox 0 0 1197 3780; x_wconf 95' lang='lat' dir='ltr'> </span> 
     </span>
    </p>
   </div>
  </div>
 </body>
</html>
