2370 3780
359 204 440 265 CAP.
462 208 591 265 13-16.
612 207 638 270 §-
658 211 790 266 39-46.
1041 202 1083 266 83

65 369 97 421 et
109 357 194 420 tenui
210 365 310 432 spele
327 353 506 416 consotaris.
539 352 644 414 Recita
664 353 866 415 testimonium
879 355 911 413 T.
926 353 1039 415 Manilii
1054 361 1085 416 et

64 445 96 505 G.
109 439 212 502 Luscii
224 432 359 512 Ocreae,
369 439 496 498 duorum
506 445 693 509 senatorum,
712 437 864 499 hominum
876 437 1084 499 ornatissimo·

55 544 144 607 ¹runi,
170 523 222 600 qui
237 540 277 583 ex
292 521 396 582 Cluvio
412 522 580 581 audierunt
607 528 857 595 [rssrruouruur.
874 537 992 580 unxrnrr
1006 537 1082 584 rere

63 625 158 670 tuscrr
174 611 312 689 ocreae]
334 606 439 665 Utrum
454 604 552 665 dicist
565 604 675 666 Luscio
689 613 719 666 et
732 605 871 680 Manilio,
886 623 924 664 an
936 613 965 665 et
978 604 1082 664 Cluvio

64 709 126 754 non
147 707 219 752 esso
241 691 447 750 credendum?
475 688 647 749 Planiust
616 697 708 764 atque
727 689 861 763 apertius
880 689 987 748 dicam.
1015 689 1082 748 XV

62 778 170 837 Utrum
183 773 312 834 Luscius
328 782 357 833 et
370 772 510 833 Manilius
526 772 599 832 nihil
616 773 655 832 de
671 771 721 830 HS
732 789 845 834 cccrum
863 789 902 832 ex
913 771 1018 832 Cluvio
1029 789 1083 832 au-

63 862 186 921 dierunt
191 903 199 930 ,
173 866 254 919 tan
270 856 391 916 Cluvius'
409 857 518 916 falsum
530 855 642 915 Luscio
654 863 684 916 et
697 855 818 917 Manilio
831 856 906 917 dixit
912 863 927 914 l
947 857 1013 916 Hoc
1024 871 1083 930 ego

62 947 133 1005 loco
147 943 247 1002 soluto
266 949 296 1002 et
311 940 412 1014 quieto
429 956 495 1000 sum
513 940 611 999 animo
627 947 657 1000 et
671 955 815 1015 quorsum
829 939 1083 1014 recidatrespom

63 1044 133 1093 sum
155 1035 239 1086 tuum
259 1041 319 1084 non
342 1039 449 1096 magno
471 1039 565 1097 opere
584 1022 699 1082 laboro.
737 1022 930 1084 Firmissimis
954 1021 1085 1082 enimet

63 1107 266 1172 sanctissimis
291 1107 469 1168 testimoniis
497 1104 629 1165 virorum
655 1105 835 1180 optimorum
863 1123 956 1167 causa
979 1103 1084 1166 Roscii

64 1191 248 1256 communite
262 1199 317 1251 est.
353 1188 405 1251 44.
426 1189 459 1249 Si
474 1189 532 1247 iam
546 1189 600 1249 tihi
615 1189 811 1250 deliberatum
828 1198 889 1263 est,
905 1189 1015 1265 quibus
1025 1189 1083 1268 ¹ab·

62 1293 156 1353 roges
170 1277 261 1335 fidem
275 1273 349 1334 iuris
364 1273 482 1333 iurandi
494 1273 659 1348 responde.
689 1273 811 1334 Manilio
823 1281 853 1334 et
862 1272 973 1334 Luscio
988 1289 1083 1348 negas

62 1376 136 1421 esse
150 1359 356 1419 credendum?
389 1356 457 1430 llic,
473 1357 561 1416 aude.
588 1357 643 1416 Est
663 1363 731 1416 tuae
752 1357 975 1430 contumaciae,
994 1358 1083 1416 adro-

63 1443 186 1520 gantiae
201 1442 342 1518 vitaeque
356 1439 517 1501 universae
537 1457 607 1501 vox.
636 1439 713 1514 Quid
728 1448 891 1515 exspectas
907 1456 998 1515 quam
1012 1456 1084 1499 mox

62 1543 122 1602 ego
140 1525 282 1587 Luscium
302 1532 333 1585 et
348 1523 502 1584 Manilium
518 1523 618 1583 dicam
632 1524 739 1584 ordine
753 1541 824 1584 esse
840 1532 1012 1597 senatores,
1032 1539 1084 1582 ae-

61 1618 125 1671 tate
139 1611 271 1683 grandes
291 1617 379 1681 natu,
399 1616 506 1668 natura
526 1615 649 1668 sanctos
670 1615 700 1668 et
719 1606 896 1681 religIosos,
921 1606 1019 1681 copiis
1038 1605 1084 1667 rei

63 1692 221 1756 familiaris
235 1693 405 1767 locupletes
420 1698 451 1751 et
466 1691 671 1766 pecuniososl
696 1692 763 1750 Non
781 1691 905 1751 saciam=
921 1689 995 1750 nihil
1012 1688 1084 1749 mihi

62 1775 235 1849 detraham,
261 1792 352 1850 quum
376 1773 436 1834 illis
456 1783 581 1835 exactae
602 1776 709 1834 aetatis
731 1774 925 1835 severissime
945 1775 1083 1846 fructum,

64 1876 156 1934 quem
167 1866 353 1930 meruerunt,
329 1857 540 1919 tretribuam.
566 1858 663 1932 Magis
674 1874 742 1917 mea
752 1857 960 1918 adolescentia
970 1856 1085 1931 indiget

61 1943 183 2004 illorum
202 1943 284 2002 bona
298 1941 518 2001 existimatione
539 1957 629 2017 quam
647 1941 765 2001 illorum
787 1940 981 2001 severissima
995 1956 1084 2000 sene

62 2036 132 2086 ctus
149 2024 303 2087 desiderat
316 2041 413 2084 meam
426 2025 555 2083 laudem
584 2022 635 2085 45.
648 2023 713 2084 Tibi
728 2040 816 2097 vero,
836 2006 922 2098 Piso,
944 2025 995 2083 diu
1010 2022 1084 2083 deli-

60 2108 231 2170 berandum
246 2116 277 2168 et
289 2109 541 2182 concoquendum
562 2116 624 2182 est,
644 2116 741 2168 utrum
757 2107 857 2203 potius
874 2105 1047 2167 Chaereae
1039 2124 1083 2165 m

61 2191 162 2253 iurato
184 2190 214 2250 in
233 2208 289 2251 sua
302 2193 352 2252 lite
368 2207 405 2250 en
419 2191 541 2251 Manilio
557 2199 589 2251 et
601 2190 735 2251 Luscio
727 2191 831 2251 ruralis
846 2190 877 2249 in
891 2191 990 2250 alieno
1007 2188 1084 2250 iudi-

63 2275 112 2337 cio
130 2276 261 2335 credasl
285 2276 446 2349 Reliquum
463 2282 510 2334 est
526 2283 557 2335 ut
571 2275 707 2334 Cluvium
721 2276 830 2334 salsum
846 2274 961 2334 dixisse
971 2273 1084 2334 Luscio

63 2367 94 2420 et
113 2357 237 2418 Manilio
265 2358 440 2420 contendat:
467 2358 549 2432 quod
570 2358 597 2416 si
617 2357 705 2431 iacit,
730 2375 790 2433 qua
814 2357 1001 2432 impudentia
1027 2363 1085 2430 est,

63 2457 175 2502 eumne
192 2449 300 2501 testem
314 2440 508 2518 improbabit,
524 2457 614 2514 quem
629 2440 759 2501 iudicem
773 2441 928 2516 probarit?
948 2439 977 2500 ei
992 2456 1084 2515 nega-

61 2525 107 2586 bit
122 2525 206 2584 credi
219 2534 372 2600 oportere,
388 2523 436 2584 cui
447 2522 515 2599 ipse
526 2524 707 2584 crediderit?
721 2525 787 2586 eius
801 2523 888 2585 testis
899 2524 940 2584 ad
953 2523 1084 2584 iudicem

63 2609 156 2669 fidem
176 2607 352 2682 infirmabit,
374 2607 460 2668 cuius
483 2615 608 2682 propter
627 2608 719 2667 fidem
739 2615 770 2669 et
782 2607 960 2682 religionem
974 2606 1083 2668 iudicis

63 2699 159 2752 testes
177 2691 392 2765 comparabat?
422 2707 512 2766 quem
532 2707 589 2765 ego
613 2690 639 2751 si
660 2693 767 2752 serrem
782 2690 928 2765 iudicem,
943 2693 1084 2765 refugere

64 2790 126 2835 non
138 2775 278 2835 deberet:
294 2793 385 2849 quum
396 2782 503 2835 testem
516 2775 695 2848 producam,
707 2775 930 2849 reprehendere
940 2775 1084 2835 audebit?

62 2859 142 2918 XVI.
165 2857 214 2919 46.
236 2856 314 2919 Dicit
325 2858 418 2931 enim,
437 2857 550 2933 inquit,
564 2857 709 2920 iniuratus
723 2858 833 2920 Luscio
850 2867 880 2918 et
893 2858 1026 2919 Manilio.
1040 2893 1083 2905 -

66 2941 100 3000 Si
112 2942 227 3001 diceret
248 2940 378 3015 iuratus,
396 2942 559 3000 crederes?
575 2975 619 2987 —-
633 2944 674 3002 At
693 2942 767 3017 quid
783 2941 909 3002 interest
918 2943 999 3002 inter
1013 2959 1082 3018 per-

65 3025 162 3084 iurum
177 3034 206 3086 et
220 3026 417 3085 mendacem?
443 3023 497 3098 Qui
517 3023 634 3085 mentiri
650 3027 742 3100 solet,
758 3024 896 3101 peierare
913 3026 1081 3086 consuevit

65 3107 160 3181 Quem
173 3125 230 3184 ego
245 3117 278 3168 ut
291 3107 449 3168 mentiatur
463 3106 607 3168 inducere
620 3125 763 3183 possum,
777 3116 810 3168 ut
823 3107 939 3184 peieret
953 3126 1082 3170 exorare

63 3190 154 3252 facile
175 3200 293 3266 potero.
320 3192 394 3250 Nam
416 3190 475 3287 qui·
490 3192 583 3251 semel
603 3207 622 3250 a
641 3192 767 3252 veritate
787 3191 927 3266 deflexit,
949 3193 999 3254 hic
1019 3209 1081 3252 non

62 3273 179 3334 maiore
194 3273 341 3348 religione
355 3275 394 3333 ad
412 3272 574 3349 periurium
589 3291 679 3352 quam
695 3277 735 3336 ad
751 3275 943 3336 mendacium
956 3274 1091 3355 perduci

63 3356 230 3418 consuevit
259 3357 332 3432 Quis
354 3356 434 3420 enim
450 3357 673 3436 deprecatione
686 3360 841 3430 deorum,
854 3371 929 3414 nou
943 3350 1112 3408 consm-

53 3439 187 3502 u'aetlde
197 3451 434 3506 commoveturl
456 3445 639 3526 Propterea
652 3461 740 3524 uuae
752 3435 944 3572 poenas&
943 3429 1000 3483 dus
1002 3423 1142 3473 mm
