2370 3780
347 204 793 270 cAP.4s-4r.s.rao—ran
1035 176 1085 271 65¹

56 357 111 421 lati
126 355 250 434 argenti,
265 355 506 433 quidstragulae
521 351 632 427 vestis,
649 353 723 430 quid
739 354 886 429 pictarum
900 356 1077 431 tabularum,

57 442 133 519 quid
161 441 331 516 signorum,
356 438 431 514 quid
453 437 611 498 marmoris
637 439 718 513 apud
744 438 827 498 illum
850 440 962 514 putatis
989 449 1080 502 esset

54 528 183 587 Tantum
199 524 332 597 scilicet,
347 532 491 597 quantum
508 521 641 581 emultis
659 521 890 596 splendidisque
910 522 1030 584 lamiliis
1048 526 1078 585 in

55 611 146 673 turba
167 617 197 669 et
216 605 333 681 rapinis
356 605 532 665 coacervari
552 621 613 664 una
633 605 663 664 in
678 606 769 666 domo
783 605 890 679 potuit.
923 605 1078 667 Familiam

56 709 131 754 vero
149 699 293 767 quantam
309 698 340 748 et
355 705 445 763 quam
461 688 554 749 variIs
571 705 639 748 cum
654 687 790 749 artificiis
806 688 917 749 lrabeat
931 688 1005 765 quid
1021 706 1078 766 ego

55 776 178 837 dicaml
206 770 276 835 134.
306 770 390 833 Mitto
406 772 500 832 hasce
516 779 597 831 artes
612 773 769 846 vulgares,
786 788 919 846 coquos,
935 773 1078 847 pistores,

54 856 243 920 lecticarios:
262 855 353 915 animi
369 864 399 916 et
412 855 529 916 aurium
544 871 637 915 causa
652 863 696 915 tot
708 855 847 915 homines
859 854 966 930 habet,
981 864 1014 916 ut
1028 874 1079 917 co·

54 941 171 1005 tidiano
188 948 279 999 cantu
295 955 404 999 vocum
422 947 452 1000 et
466 954 628 998 nervorum
648 946 677 999 et
698 937 837 999 tibiarum
860 940 1080 1015 nocturnisque

55 1023 207 1087 conviviis
223 1030 285 1083 tota
299 1021 438 1083 vicinitas
453 1029 616 1097 personet,
638 1021 742 1115 bn‘hac
755 1022 833 1095 vita,
848 1021 982 1097 iudices,
1000 1040 1079 1098 quos

56 1115 196 1181 sumptus
212 1105 397 1181 cotidianos,
413 1122 490 1181 quas
503 1104 672 1165 effusiones
683 1104 750 1165 fieri
764 1106 897 1181 putatis?
912 1123 991 1180 quae
1004 1124 1079 1168 vero

56 1189 219 1252 convivial
235 1189 373 1263 honesta,
387 1190 489 1260 credo,
506 1188 535 1247 in
551 1187 617 1248 eius
631 1188 714 1248 modi
727 1189 827 1261 domo,
844 1189 871 1248 si
882 1191 991 1251 domus
1003 1191 1080 1250 haec

56 1273 201 1335 habenda
219 1281 266 1335 est
279 1272 382 1348 potius
399 1289 491 1349 quam
511 1272 634 1333 cilicina
651 1271 804 1349 nequitiae
828 1280 858 1332 et
871 1273 1081 1335 deversorium

55 1355 238 1431 flagitiorum
260 1355 403 1416 omnium.
436 1353 507 1416 135.
541 1356 612 1430 lpse
628 1372 701 1416 vero
723 1356 977 1431 quemadmodum
998 1374 1079 1418 com—

55 1440 159 1517 posito
183 1447 212 1500 et
239 1440 373 1501 delibuto
401 1440 509 1515 capillo
533 1439 651 1514 passim
677 1455 733 1514 per
760 1441 857 1500 lorum
883 1440 989 1502 volitet
1012 1457 1081 1500 cnm

56 1539 168 1598 magna
188 1532 311 1585 caterva
330 1530 500 1597 togatorum
525 1522 651 1595 videtis,
676 1522 809 1596 iudices,
836 1533 867 1583 et
886 1539 947 1582 una
970 1522 1080 1584 videtis

55 1615 91 1667 ut
106 1624 211 1668 omnes
226 1605 390 1683 despiciat,
406 1615 440 1667 ut
454 1605 605 1666 hominem
619 1623 695 1681 prae
711 1623 745 1666 se
761 1606 910 1667 neminem
928 1615 1026 1681 putet,
1047 1616 1081 1668 ut

57 1706 93 1750 se
106 1693 205 1752 solum
222 1692 360 1764 beatum,
379 1691 478 1750 solum
492 1698 648 1766 potentem
659 1698 754 1765 putet.
782 1689 865 1764 Quae
880 1707 954 1750 vero
969 1689 1082 1751 alliciat

56 1782 87 1834 et
102 1791 181 1849 quae
197 1781 338 1847 conetur,
353 1775 380 1833 si
394 1774 485 1835 velim
500 1789 751 1846 commemorare,
764 1791 883 1848 vereor,
899 1773 1027 1847 iudices
1041 1790 1080 1834 ne

57 1858 130 1933 quis
141 1857 308 1933 imperitior
326 1847 477 1918 existimet
490 1874 538 1918 me
553 1873 677 1917 cansam
688 1856 850 1918 nobilitatis
862 1858 1079 1932 victoriamque

54 1941 196 2002 voluisse
216 1941 348 2001 laedere.
389 1941 520 2002 Tametsi
545 1958 613 2003 meo
643 1940 709 2001 iure
731 1938 873 2015 possum,
899 1940 925 2000 si
953 1941 1026 2015 quid
1049 1941 1078 2000 in

54 2023 114 2083 hac
129 2032 215 2098 parte
229 2023 302 2084 milti
316 2041 378 2085 non
393 2026 513 2100 placeat
524 2024 707 2100 vituperare.
742 2024 808 2083 Non
825 2022 906 2083 enim
920 2040 1030 2084 vereor
1042 2041 1080 2084 ne

57 2105 128 2182 quis
143 2107 274 2166 alienum
288 2124 335 2167 me
350 2109 483 2169 animum
496 2108 641 2169 habuisse
658 2125 677 2168 a
691 2122 785 2166 causa
798 2106 962 2167 nobilitatis
976 2107 1078 2168 existi-

56 2196 127 2249 met.
158 2189 274 2249 XLVll.
297 2187 367 2253 136.
392 2191 498 2253 Sciunt
510 2191 546 2266 ii,
562 2192 614 2267 qui
629 2206 678 2251 me
691 2199 816 2264 norunt,
836 2207 885 2250 me
899 2206 955 2264 pro
972 2191 1023 2250 illa
1036 2199 1082 2252 te·

57 2273 109 2333 nui
125 2271 304 2349 infirmaque
320 2283 419 2350 parte,
446 2284 554 2350 postea
575 2292 666 2351 quam
687 2274 719 2334 id
744 2275 827 2349 quod
847 2273 977 2334 maxime
997 2275 1079 2335 volui

57 2355 124 2417 ficri
144 2373 205 2415 non
225 2358 323 2431 potuit
337 2368 369 2420 ut
385 2366 633 2434 componeretur,
653 2356 685 2417 id
699 2357 829 2418 maxime
843 2356 1032 2429 defendisse,
1047 2367 1081 2418 ut

57 2439 79 2501 ii
94 2439 264 2512 vincerent,
290 2440 343 2516 qui
359 2442 504 2503 vicerunt.
540 2441 612 2515 Quis
627 2440 707 2501 enim
724 2449 802 2515 erat,
822 2441 949 2517 quinon
964 2442 1081 2501 videret

56 2522 252 2583 humilitatem
269 2540 337 2584 cum
351 2525 573 2604 [dignitatede]
588 2525 782 2600 amplitudine
797 2525 1003 2585 contenderet
1018 2541 1080 2598 quo

57 2605 88 2667 in
107 2607 269 2666 certamine
283 2609 394 2682 perditi
409 2607 484 2670 civis
499 2618 564 2669 erat
580 2626 640 2670 non
651 2622 687 2668 se
701 2609 741 2668 ad
753 2625 808 2669 ecs
819 2608 952 2683 iungere,
969 2608 1080 2683 quibus

56 2688 261 2750 incolumibus
276 2699 306 2750 et
320 2691 402 2753 domi
417 2692 547 2767 dignitas
561 2701 591 2753 et
611 2691 684 2753 loris
707 2692 871 2753 auctoritas
891 2691 1079 2752 retineretur.

51 2773 142 2847 ¹Quae
156 2774 293 2848 perlecta
307 2791 377 2836 esse
394 2784 425 2836 ct
441 2793 530 2836 suum
545 2775 656 2851 cuique
670 2775 817 2836 honorem
833 2784 862 2836 et
873 2775 999 2850 gradum
1010 2774 1079 2834 red-

56 2856 154 2917 ditum
168 2857 302 2930 gaudeo,
319 2857 452 2931 iudices,
471 2860 724 2933 vehementerque
738 2859 849 2932 laetor,
863 2875 961 2932 eaque
979 2858 1080 2918 omnia

57 2940 184 2999 deorum
198 2942 367 3015 voluntate,
387 2941 488 3002 studio
502 2943 609 3018 populi
621 2942 763 3014 Romani,
784 2940 912 3003 consilio
935 2950 966 3002 et
984 2942 1078 3018 impe·
1112 2978 1114 2983 -

56 3016 103 3082 rio
119 3029 150 3081 et
165 3021 306 3084 felicitate
322 3025 355 3083 L.
377 3024 479 3087 Sullae
501 3035 588 3100 gesta
607 3043 677 3086 esse
701 3025 843 3100 intelligo.
883 3020 954 3086 137.
992 3025 1080 3099 Quod

56 3103 301 3167 animadversum
317 3107 409 3170 estin
430 3125 500 3183 ecs,
521 3109 575 3185 qui
597 3117 702 3170 contm
723 3109 805 3171 omni
824 3108 941 3169 ratione
963 3124 1078 3183 pugna-

56 3197 141 3262 runt,
157 3205 218 3248 non
234 3190 332 3253 debeo
347 3192 587 3267 reprehenderer
604 3192 687 3269 quod
702 3192 774 3253 viris
789 3193 933 3263 fortibus,
949 3207 1077 3268 quorum

58 3288 153 3347 opera
166 3272 277 3334 eximia
298 3273 329 3335 in
340 3276 434 3344 rebus
450 3276 591 3352 gerendis
609 3276 735 3350 exstitit,
756 3277 856 3337 honos
880 3275 1000 3336 habitus
1022 3282 1085 3338 estt

57 3355 159 3417 laudo.
193 3356 276 3430 Quae
289 3368 323 3421 nt
336 3361 460 3435 fierent,
474 3359 592 3424 idcirco
606 3358 871 3438 pugnatumasse
880 3355 1019 3412 essm
1034 3360 1105 3420 ms

51 3437 223 3587 qlfficmlless
244 3444 349 3527 Studio
368 3447 509 3526 panium
534 3448 640 3513 ffilSSQ
666 3443 843 3508 comittem.
881 3433 953 3568 Ἐξ
968 3429 1087 3480 axum
1098 3412 1145 3458 x&
