2370 3780
106 189 128 251 2
372 186 447 249 PRO
466 187 498 249 P.
520 187 695 262 QUINCTIO
719 188 870 251 ORATIO.

82 358 87 365 ·
106 339 225 419 Aquili,
240 339 423 416 aliquotiens
438 341 521 415 apud
531 351 561 402 te
573 340 647 416 egit,
663 343 754 403 bomo
766 350 796 402 et
809 341 838 402 in
850 340 918 403 aliis
932 341 1033 404 causis
1046 359 1134 404 exer-

107 429 216 488 citatos
230 434 260 486 et
274 425 304 485 in
318 425 375 484 hac
387 426 512 485 multum
527 441 563 484 ac
579 443 672 501 saepe
693 435 833 487 versatus
847 425 906 486 hoc
928 435 1063 502 tempore
1080 428 1134 488 ab·

107 519 156 571 est
174 526 254 571 nova
268 507 419 584 legatione
434 508 613 583 impeditus,
633 518 663 569 et
678 511 717 569 ad
738 527 785 570 me
801 519 922 571 ventum
940 519 1001 583 est,
1026 510 1077 586 qui
1099 520 1135 572 ut

104 610 225 655 summa
245 593 388 653 haberem
410 601 543 663 caetera,
573 595 716 668 temporis
738 593 860 668 quidem
881 603 962 655 certe
984 593 1034 655 vix
1057 594 1133 655 satis

106 678 213 751 habui,
233 685 267 736 ut
280 693 344 736 rem
355 682 482 749 tantam,
504 685 548 736 tot
562 677 779 738 controversiis
793 677 990 753 implicatam,
1005 695 1132 753 possem

107 776 306 836 cognoscere.
349 758 379 820 4.
402 761 446 820 lta
467 761 551 835 quod
570 760 643 820 mibi
663 760 821 822 consuevit
836 763 866 821 in
881 762 1008 823 caeteris
1029 760 1132 822 causis

20 864 23 869 ·
107 862 179 906 esse
198 844 388 916 adiumento,
408 842 440 903 id
460 861 584 919 quoque
603 844 634 903 in
653 843 711 904 hac
726 860 820 905 causa
834 846 946 907 deficit.
978 846 1132 920 Namque

106 928 207 989 minus
218 927 339 1002 ingenio
354 943 494 1002 possum,
511 927 648 989 subsidio
660 927 733 988 mibi
744 927 927 1003 diligentiam
941 927 1131 1004 comparavi:

108 1030 188 1089 quae
204 1020 316 1086 quanta
336 1011 388 1085 sit,
411 1010 470 1071 nisi
488 1020 608 1086 tempus
624 1021 654 1073 et
668 1013 799 1087 spatium
814 1013 917 1072 datum
932 1012 986 1085 sit,
1007 1012 1132 1086 intelllgi

107 1114 169 1157 non
185 1103 294 1171 potest.
331 1095 414 1168 Quae
437 1111 497 1170 quo
520 1096 606 1171 plura
621 1105 705 1169 sunt,
726 1097 757 1155 C.
771 1094 888 1170 Aquili,
910 1113 947 1157 eo
965 1105 994 1157 te
1015 1106 1045 1157 et
1065 1112 1131 1167 eoo,

108 1180 161 1257 qui
175 1179 228 1240 tibi
242 1179 271 1238 in
288 1179 417 1240 consilio
435 1187 519 1252 sunt,
540 1178 658 1241 meliori
679 1188 778 1239 mente
792 1188 897 1240 nostra
910 1181 1004 1239 verba
1025 1179 1131 1240 audire

108 1263 275 1340 oportebit,
303 1272 336 1324 ut
357 1262 457 1323 multis
478 1262 678 1324 incommodis
699 1263 812 1323 veritas
834 1262 987 1323 debilitata
1008 1264 1132 1323 tandem

108 1347 261 1423 aequitate
290 1347 395 1408 talium
423 1348 555 1407 virorum
579 1354 741 1407 recreetur.
783 1347 812 1407 5.
841 1346 957 1420 Quodsi
981 1355 1012 1406 tu
1038 1346 1132 1406 iudex

108 1434 191 1492 nullo
213 1430 367 1506 pracsidio
384 1429 480 1491 luisse
493 1431 637 1490 videbere
652 1440 756 1491 contra
767 1433 827 1491 vim
842 1440 871 1491 et
886 1429 1011 1506 gratiam
1026 1430 1131 1489 solitu-

108 1515 171 1575 dini
185 1523 276 1590 atque
291 1513 426 1589 inopiae,
442 1513 468 1574 si
483 1516 566 1589 apud
580 1515 639 1574 hoc
654 1516 813 1575 consilium
824 1533 863 1575 ex
875 1513 1000 1590 opibus,
1019 1530 1079 1572 non
1092 1531 1133 1572 ex

106 1599 234 1660 veritate
256 1615 350 1660 causa
371 1599 535 1673 pendetur,
555 1599 692 1673 prolecto
709 1598 781 1658 nihil
797 1607 844 1659 est
858 1600 916 1657 iarn
932 1606 1068 1658 sanctum
1088 1605 1130 1656 at-

109 1700 169 1758 que
185 1682 336 1742 sincerum
350 1681 379 1740 in
401 1681 536 1754 civitate,
557 1682 631 1741 nihil
646 1683 728 1756 quod
742 1682 936 1743 humilitatem
952 1682 1132 1755 cuiusquam

108 1767 241 1842 gravitas
261 1774 290 1825 et
311 1765 407 1825 virtus
425 1765 534 1825 iudicis
557 1768 739 1826 consoletur.
775 1767 860 1826 Certe
880 1775 932 1826 aut
951 1766 1034 1840 apud
1053 1773 1080 1824 te
1102 1774 1132 1825 et

107 1867 178 1923 eoS,
201 1848 252 1924 qui
267 1849 320 1910 tibi
334 1849 460 1921 adsunt,
483 1849 593 1911 veritas
607 1849 720 1911 valebit
732 1859 783 1910 aut
797 1867 835 1909 ex
851 1851 908 1910 hoc
925 1852 992 1910 loco
1008 1848 1132 1923 repulsa

107 1934 139 1993 vi
154 1943 183 1993 et
196 1933 291 2007 gralia
305 1933 404 1994 locum
419 1931 471 1993 ubi
486 1933 635 1994 consistat
647 1934 780 2008 reperire
796 1951 856 1994 non
872 1933 990 2009 poterit.
1012 1934 1048 1991 ll.
1064 1934 1130 1991 Non

39 2056 43 2061 -
109 2034 147 2079 eo
164 2018 250 2089 dico,
272 2017 302 2076 C.
317 2017 436 2093 Aquili,
460 2034 521 2092 quo
541 2016 615 2076 milri
635 2016 735 2078 veniat
753 2018 783 2077 in
806 2018 929 2078 dubium
942 2025 994 2077 tua
1010 2017 1087 2075 fides
1102 2024 1132 2076 et

109 2100 282 2161 constantia
295 2109 347 2161 aut
362 2117 422 2175 quo
437 2118 496 2161 non
510 2100 540 2160 in
555 2100 612 2173 iis,
629 2119 707 2176 quos
720 2101 774 2162 tibi
787 2101 961 2172 advocasti,
984 2099 1055 2159 viris
1071 2100 1131 2158 ele-

108 2184 252 2245 ctissimis
267 2183 397 2245 civitatis
413 2201 499 2259 spem
514 2201 661 2245 summam
674 2186 787 2245 habere
797 2186 829 2244 Ρ.
842 2184 997 2257 Quinctius
1013 2184 1131 2243 debeat.

107 2269 137 2330 6.
153 2267 231 2341 Quid
246 2284 318 2342 ergo
334 2275 403 2328 est?
419 2267 549 2327 Primum
564 2268 738 2343 magnitudo
751 2268 877 2344 periculi
893 2285 1009 2329 summo
1024 2266 1132 2327 timore

107 2351 261 2410 bominem
283 2351 400 2423 adlicit,
423 2353 506 2426 quod
521 2368 581 2411 uno
597 2350 710 2412 iudicio
726 2353 764 2411 de
779 2352 907 2413 fortunis
923 2350 1062 2411 omnibus
1078 2351 1131 2409 de-

109 2435 218 2506 cernit,
247 2433 340 2509 idque
362 2452 456 2509 quum
479 2437 604 2510 cogitat,
631 2452 692 2495 non
714 2437 814 2496 minus
835 2453 929 2511 saepe
950 2434 1080 2494 eivenit
1100 2433 1130 2492 in

107 2527 239 2578 mentem
262 2519 423 2593 potestatis
451 2537 541 2594 quam
565 2518 727 2595 aequitatis
751 2528 836 2592 tuae,
861 2526 1023 2594 propterea
1048 2518 1132 2593 quod

110 2617 233 2675 omnes,
256 2617 385 2675 quorum
406 2601 436 2661 in
457 2602 580 2664 alterius
600 2620 691 2663 manu
711 2602 774 2663 vita
798 2603 899 2679 posita
920 2609 981 2675 est,
1005 2600 1130 2676 saepius

108 2685 184 2746 illud
201 2683 349 2758 cogitant,
369 2686 443 2760 quid
463 2687 561 2761 possit
582 2686 625 2760 is,
646 2686 734 2748 euius
749 2687 779 2745 in
795 2686 915 2746 dicione
930 2703 967 2745 ac
980 2692 1131 2761 potestate

110 2776 194 2840 sunt,
217 2784 307 2843 quam
326 2768 400 2843 quid
420 2768 530 2831 debeat
549 2770 659 2830 lacere.
703 2767 731 2833 7.
753 2770 869 2830 Deinde
883 2769 974 2830 habet
987 2769 1131 2828 adversa-

109 2851 188 2912 rium
197 2853 228 2911 Ρ.
241 2851 397 2924 Quinctius
412 2854 505 2914 verbo
519 2854 590 2914 Sex.
600 2852 762 2927 Naevium,
778 2870 812 2913 re
824 2869 899 2912 vera
912 2852 1040 2913 huiusce
1049 2859 1131 2910 aeta-

109 2935 147 2995 tis
159 2934 297 2996 homines
308 2934 541 3009 disertissimos,
554 2936 752 3013 lenissimos,
764 2935 997 2997 florentissimos
1008 2942 1131 2994 nostrae

110 3018 257 3091 civitatis,
278 3020 330 3095 qui
345 3021 497 3080 communi
511 3020 613 3081 studio
631 3019 756 3080 summis
773 3019 882 3094 opibus
899 3019 969 3080 Sex.
986 3016 1132 3078 Naevium

109 3103 291 3175 defendunt,
310 3101 337 3163 si
358 3102 391 3163 id
411 3112 458 3165 est
477 3104 642 3165 defendere
662 3103 817 3179 cupiditati
838 3103 961 3164 alterius
976 3102 1131 3174 obtemp'e-

109 3203 192 3259 rare,
221 3202 281 3261 quo
309 3185 336 3245 is
358 3187 475 3248 facilius
497 3205 587 3263 quem
608 3188 680 3249 velit
698 3187 803 3262 iniquo
824 3186 936 3248 iudicio
959 3183 1132 3260 opprimere

109 3270 218 3345 possit.
262 3269 291 3332 8.
319 3270 394 3330 Nam
414 3270 488 3346 quid
502 3272 560 3332 hoe
574 3271 708 3348 iniquius
722 3279 774 3332 aut
787 3270 956 3347 indigniuS,
974 3269 1005 3328 C.
1018 3266 1132 3343 Aquili,

110 3354 171 3414 dici
186 3362 238 3413 aut
252 3355 482 3415 commemorari
494 3364 611 3431 potest,
632 3372 723 3430 quam
737 3372 801 3428 me,
822 3357 874 3431 qui
892 3361 984 3430 capul
998 3351 1132 3424 alterius,

112 3435 222 3499 lamam
242 3437 443 3516 fortunasque
462 3439 640 3515 delendam,
661 3439 764 3517 priore
782 3440 851 3503 loco
873 3453 997 3502 causam
1012 3435 1130 3498 dicere:
