2370 3780
122 213 164 278 68
289 213 361 276 PRO
378 214 460 275 snt.
475 213 612 276 Roscio
628 214 801 279 AMERINO
825 214 975 276 ORATIQ

122 377 202 428 tuam
218 368 401 428 voluntatem
416 365 496 426 laedi
509 383 527 426 a
542 382 589 426 me
608 375 717 440 putasr
736 367 787 428 ubi
808 367 867 428 luis
883 366 1052 428 commodIs
1074 357 1142 429 olli⁴

122 450 191 511 eiot
206 452 278 526 quid
293 451 345 511 tibi
361 451 471 510 obsto?
491 450 701 524 Si'spoliorum
718 468 811 511 causa
825 451 871 512 vis
887 450 1037 511 hominem
1060 454 1142 513 occi-

122 535 208 606 dere,
227 535 299 610 quid
314 535 436 610 quaeris
452 533 603 608 amplius?
617 533 643 593 si
661 535 889 608 inimicitiarum,
907 551 985 609 quae
1001 545 1073 596 sunt
1088 537 1142 596 tibi

103 617 291 683 inimicitiae
302 635 370 679 cum
381 634 428 689 eo,
444 617 530 676 euius
541 625 610 676 ante
621 618 747 690 praedia
758 618 923 692 possedisti
938 635 1027 693 quam
1039 620 1141 694 ipsum

121 701 281 776 cognosti?
301 702 347 762 sin
368 710 481 774 metus,
502 701 541 759 ab
561 717 638 760 eone
657 701 772 776 aliquid
795 702 918 774 meluis,
945 719 1035 776 quem
1052 703 1141 764 vides

119 785 219 859 ipsum
233 785 271 845 ab
287 802 357 846 sese
370 795 431 846 tam
447 791 578 844 atrocem
594 783 731 844 iniuriam
751 787 932 859 propulsare
946 803 1007 846 non
1024 794 1143 860 possea

120 869 182 941 sin,
205 870 288 944 quod
302 870 391 942 bona,
409 884 488 943 quae
499 867 603 928 Roscii
618 870 750 941 luerunt,
767 877 817 927 tua
830 871 909 928 lacta
924 879 1007 941 sunt,
1023 869 1140 929 idcirco

118 951 198 1012 hunc
218 953 298 1012 illius
314 953 408 1012 lilium
424 951 529 1012 studes
545 953 688 1026 perdere,
709 968 809 1011 nonne
825 953 962 1012 ostendis
988 953 1018 1011 id
1043 962 1071 1014 tc
1088 971 1140 1014 ve-

118 1037 192 1108 reri,
223 1036 306 1111 quod
335 1044 453 1110 praeter
477 1043 614 1095 caeteros
642 1044 673 1095 tu
697 1043 830 1095 metuere
856 1053 917 1094 non
943 1037 1073 1110 debeas,
1100 1054 1141 1096 ne

31 1163 34 1169 .
120 1120 242 1192 quando
258 1119 361 1179 liberis
377 1118 620 1195 proscriptorum
639 1120 720 1179 bona
740 1119 837 1194 patria
857 1121 1041 1181 reddanturt
1068 1120 1139 1182 lto.

117 1201 206 1262 Facis
226 1201 381 1277 iniuriam,
408 1203 621 1280 chrysogone,
646 1202 673 1262 si
700 1203 844 1263 maiorem
870 1219 957 1277 spem
977 1204 1140 1278 emptionis

120 1295 187 1345 tuae
202 1285 232 1345 in
247 1286 335 1346 huius
353 1285 445 1347 exitio
463 1287 553 1361 ponis
575 1303 664 1361 quam
679 1287 708 1345 in
726 1286 774 1347 his
788 1287 895 1358 rebus,
913 1304 989 1360 quas
1007 1288 1039 1346 L.
1056 1287 1141 1347 Sulla
1171 1340 1173 1345 ,

118 1369 222 1444 gessit.
255 1370 370 1445 Quodsi
385 1370 436 1430 libi
455 1387 548 1430 causa
563 1373 644 1430 nulla
659 1379 706 1429 est
725 1387 779 1430 eur
798 1371 878 1429 hunc
898 1371 1041 1431 miserum
1056 1380 1140 1432 tanta

119 1453 285 1514 calamitate
299 1454 390 1514 adlici
405 1453 495 1529 velis,
511 1453 537 1513 si
553 1453 605 1514 tihi
620 1455 720 1514 omnia
732 1471 788 1514 sua
802 1463 921 1529 praeter
934 1455 1064 1514 animam
1079 1463 1138 1515 tra—

118 1537 193 1598 didit
212 1554 269 1598 neo
290 1537 348 1598 sibi
370 1538 535 1614 quidquam
562 1545 720 1612 paternum
744 1554 783 1597 ne
807 1539 992 1629 mouumenti
1015 1539 1140 1612 quidem

118 1637 211 1680 causa
223 1623 299 1681 clam
313 1621 492 1692 reservavit,
508 1639 564 1696 per
578 1622 653 1682 deos
672 1620 870 1694 immortales,
892 1639 970 1696 quae
985 1623 1042 1682 ista
1056 1631 1140 1683 tanta

117 1705 279 1764 crudelitas
294 1712 362 1764 est?
376 1720 454 1779 quae
470 1713 530 1764 tarn
543 1706 607 1765 lere
618 1704 819 1780 immanisque
833 1713 960 1765 natural
986 1704 1058 1780 Quis
1073 1724 1138 1766 um-

119 1788 336 1862 quampraedo
353 1788 407 1849 luit
420 1797 480 1849 tam
494 1789 637 1862 nefarius,
654 1789 722 1862 quis
738 1789 835 1863 pirata
848 1790 1079 1862 tambarbarus,
1096 1799 1138 1863 ut,

119 1888 212 1945 quum
226 1871 373 1947 integram
390 1872 534 1948 praedam
549 1872 615 1932 sine
630 1872 779 1947 sanguine
792 1872 904 1932 habere
922 1883 1044 1947 posset,
1070 1889 1137 1934 cru-

118 1963 186 2016 enta
202 1955 301 2030 spolia
316 1957 475 2017 detrahere
489 1957 610 2016 malleto
641 1953 711 2018 147.
743 1955 810 2016 Scis
832 1956 912 2015 hune
926 1955 999 2015 nihil
1013 1955 1137 2030 habere,

117 2039 191 2097 nihil
211 2040 337 2111 audere,
358 2040 432 2099 nihil
453 2056 561 2115 posse,
586 2039 658 2099 nihil
682 2057 824 2115 umquam
845 2049 950 2100 contra
970 2056 1035 2099 rem
1055 2037 1137 2100 tuam

118 2123 285 2196 cogitasse,
305 2134 335 2184 et
356 2133 452 2185 tamen
473 2120 633 2198 oppugnas
654 2140 737 2195 eum,
764 2140 854 2198 quem
874 2141 975 2199 neque
1002 2132 1136 2184 metuere

117 2213 207 2280 potes
222 2223 322 2281 neque
337 2206 442 2267 odisse
456 2208 551 2267 debes
565 2223 622 2267 nec
638 2207 804 2282 quidquam
816 2207 929 2266 hahere
946 2207 1005 2266 iam
1027 2207 1136 2282 reliqui

115 2288 203 2348 vides
226 2292 309 2365 quod
331 2292 359 2350 ei
382 2291 539 2350 detrahere
560 2289 678 2366 possis:
699 2290 758 2350 nisi
780 2291 838 2349 hoe
859 2289 1013 2365 indignum
1035 2299 1134 2366 putaS,

118 2374 200 2448 quod
216 2375 356 2435 vestitum
371 2375 479 2434 sedere
493 2374 523 2433 in
537 2373 648 2434 iudicio
664 2375 759 2444 vides,
776 2389 865 2449 quem
881 2382 912 2433 tu
927 2373 1134 2450 epahimonio

117 2465 270 2530 tamquam
286 2475 304 2517 e
318 2457 475 2532 naufragio
490 2458 602 2517 nudum
618 2456 769 2532 expulisti.
808 2456 900 2529 Quasi
920 2474 993 2518 vero
1013 2457 1135 2517 nescias

116 2539 196 2599 hunc
207 2547 237 2600 et
247 2541 286 2600 ali
296 2541 607 2602 elvestiriaCaeeilia
619 2539 776 2616 [Balearici
787 2540 856 2612 filia,
868 2541 994 2616 Nepotis
1006 2542 1134 2617 sorore]

118 2623 342 2696 spectatissima
362 2622 486 2697 lernina,
505 2641 584 2699 quae
600 2642 692 2699 quum
712 2633 827 2698 patrem
843 2624 1050 2695 clarissimum,
1072 2640 1134 2683 am-

109 2705 271 2779 plissimos
294 2716 434 2783 patruos,
460 2707 682 2768 ornatissimum
711 2709 831 2767 lralrem
858 2707 997 2780 haberet,
1017 2715 1132 2778 tamen,

117 2806 211 2862 quum
226 2799 310 2850 esset
326 2789 446 2864 mulier,
461 2791 568 2851 virtute
583 2791 724 2866 perfecit,
740 2799 774 2850 ut
794 2801 907 2865 quanto
928 2791 1044 2852 honore
1064 2789 1135 2864 ipsa

116 2888 156 2930 ex
171 2873 289 2933 illorum
305 2873 449 2949 dignitate
466 2874 662 2948 adficeretur,
676 2891 737 2936 non
753 2873 868 2935 minora
882 2875 942 2935 illis
958 2881 1134 2935 ornamenta

115 2969 155 3013 ex
170 2972 225 3015 sua
239 2958 328 3017 laude
343 2958 493 3031 redderet.
523 2958 571 3016 Ll.
602 2956 671 3019 148.
693 2960 741 3017 An
758 2959 841 3032 quod
855 2957 1013 3033 diligenter
1028 2957 1132 3016 delen-

117 3037 211 3113 ditur‚
226 3040 258 3099 id
272 3040 325 3100 libi
338 3039 494 3114 indignum
510 3041 627 3102 lacinus
643 3042 781 3102 videtur?
818 3041 892 3101 llllihi
908 3041 1013 3114 crede,
1035 3039 1061 3100 si
1076 3055 1132 3114 pro

115 3121 210 3196 patris
226 3123 291 3184 eius
306 3123 446 3200 hospitiis
464 3133 493 3184 et
513 3125 608 3200 gratia
629 3127 740 3185 vellent
760 3141 865 3186 omnes
886 3123 976 3185 huius
995 3123 1132 3197 hospites

115 3205 227 3265 adesse
242 3215 271 3266 et
285 3206 431 3268 auderent
450 3207 544 3268 libere
559 3209 736 3278 defendere,
758 3208 832 3268 satis
847 3208 973 3283 copiose
988 3206 1131 3268 deiende-

107 3296 210 3347 retur=
227 3289 273 3348 sin
289 3299 389 3353 autem
403 3308 459 3366 pro
474 3291 678 3367 magnitudine
692 3291 817 3351 iniuriae
832 3308 949 3366 proque
973 3307 1026 3364 eo,
1050 3288 1133 3366 quod

91 3381 217 3427 summa
233 3387 291 3432 res
303 3374 436 3448 publica
451 3375 482 3438 iu
506 3375 606 3438 huius·
616 3374 752 3453 periculo
775 3383 952 3449 temptatur,
972 3373 1048 3431 haec
1063 3388 1131 3445 ¹om-

72 3456 137 3500 nes
156 3450 367 3539 vindicarent,
382 3461 568 3530 consistere
582 3457 940 3540 meherculeuolhslsm
949 3453 1070 3512 tntum
1082 3467 1152 3509 nan
