2370 3780
401 201 482 262 CAP.
497 208 597 263 1-l.
617 205 643 268 S·
659 207 755 262 2-9.
1038 199 1078 263 31

59 371 155 430 posse
178 352 328 425 obtinere,
352 353 493 412 damnato
516 359 547 412 et
567 350 663 411 eiecto
684 357 787 425 sperat
809 366 843 411 se
864 367 974 426 posse,
996 354 1080 426 quod

58 441 188 513 adeptus
210 447 258 499 est
280 453 337 512 per
359 436 477 509 scelus,
504 434 536 494 id
558 451 612 509 per
636 433 784 493 luxuriam
810 434 967 495 effundere
987 443 1079 510 atque

58 538 248 582 consumere.
281 521 370 579 Hune
395 517 454 578 sibi
481 517 640 578 exanimo
662 519 854 593 scrupulum,
883 517 989 591 quise
1012 519 1079 578 dies

57 612 227 680 noctesque
252 602 384 664 stimulat
405 618 440 662 ac
461 601 581 677 pungit,
607 609 640 662 ut
660 600 798 662 evellatis
816 602 964 676 postulat,
986 610 1020 661 ut
1040 603 1080 660 ad

56 689 136 748 hanc
156 704 243 748 suam
265 686 409 761 praedam
429 693 490 745 tam
511 683 658 745 nefariam
679 683 834 745 adiutores
855 702 912 744 vos
938 684 1079 759 profitea-

56 771 140 831 mini.
183 769 212 833 7.
235 768 268 830 Si
287 769 376 829 vobis
392 785 491 844 aequa
508 778 538 829 et
552 769 682 828 honesta
696 769 860 843 postulatio
876 768 1010 842 videtur,
1034 767 1078 828 iu-

56 854 158 927 dices,
179 869 237 927 ego
264 860 368 912 contra
389 854 514 912 brevem
534 852 769 927 postulationem
792 853 913 921 adler03
937 859 981 924 et,
1003 868 1079 927 quo-

55 938 148 999 modo
172 935 245 995 mihi
267 937 453 1010 persuadeo,
474 935 628 1010 aliquanto
650 936 835 1010 aequiorem.
877 936 928 994 ill.
948 934 1079 996 Primum

56 1038 76 1080 a
92 1021 291 1097 Chrysogono
306 1027 376 1094 peto
391 1027 425 1080 ut
439 1018 571 1095 pecunia
585 1021 774 1093 fortunisque
790 1019 902 1080 nostris
918 1027 1078 1080 contentus

56 1104 111 1176 sit,
135 1103 310 1177 sanguinem
332 1113 361 1164 et
381 1103 473 1163 vitam
491 1120 529 1162 ne
544 1111 644 1178 petat=
667 1102 778 1163 deinde
794 1103 930 1175 ambis,
950 1102 1078 1175 iudices,
1115 1110 1120 1122 ’

55 1197 91 1248 ut
107 1188 266 1247 audacium
284 1185 393 1248 sceleri
409 1186 574 1258 resistatiS,
597 1185 801 1247 innocentium
821 1186 1018 1247 calamitatem
1035 1188 1078 1246 le-

55 1270 137 1331 vetis
159 1279 188 1331 et
207 1270 237 1331 in
253 1287 346 1331 causa
363 1271 434 1330 Sex.
450 1269 554 1330 Roscii
567 1269 753 1344 periculum,
768 1270 851 1345 quod
866 1269 896 1329 in
914 1287 1020 1331 omnes
1034 1271 1077 1329 ἰη-Ἰ

55 1353 203 1427 tenditur,
219 1354 415 1430 propulsetis.
442 1351 471 1414 8.
488 1351 603 1427 Quodsi
617 1363 669 1414 aut
684 1370 777 1412 causa
795 1353 926 1413 criminis
941 1363 992 1414 aut
1008 1353 1078 1414 lacti

57 1437 193 1513 suspicio
215 1446 268 1499 aut
289 1437 442 1513 quaelibet
461 1435 595 1510 deniquo
615 1438 664 1497 vel
684 1436 808 1496 minima
829 1453 879 1496 res
899 1437 1076 1512 reperietur,

57 1522 253 1595 quamobrem
273 1521 434 1595 videantur
452 1520 495 1581 illi
515 1519 649 1580 nonnihil
671 1527 771 1580 tamen
793 1520 823 1580 in
839 1521 1005 1580 deserendo
1022 1537 1076 1579 no-

55 1604 136 1664 mine
155 1605 266 1678 secuti,
287 1612 442 1680 postremo
461 1603 487 1663 si
503 1612 621 1679 praeter
636 1620 702 1663 eam
717 1605 877 1679 praedam,
899 1621 989 1679 quam
1004 1603 1076 1674 dixi,

56 1688 223 1764 quidquam
237 1689 319 1749 aliud
334 1705 446 1749 causae
459 1687 649 1761 inveneritis,
664 1705 725 1748 non
737 1702 915 1749 recusamus
928 1687 1000 1764 quin
1011 1686 1077 1747 illo·
1097 1758 1100 1763 Ι
1125 1725 1130 1739 .

55 1789 121 1831 rum
142 1771 258 1832 libidini
273 1771 345 1832 Sex.
359 1771 464 1832 Roscii
479 1771 539 1832 vita
556 1772 693 1831 dedatur.
722 1770 775 1831 Sin
795 1772 876 1832 aliud
891 1770 988 1848 agitur
1004 1771 1076 1830 nihil

55 1853 115 1914 nisi
132 1864 164 1915 ut
178 1853 215 1915 iis
231 1854 361 1930 nequid
375 1855 468 1928 desit,
485 1855 596 1930 quibus
609 1855 683 1920 satis
697 1854 770 1914 nihil
785 1865 846 1925 est3
863 1854 889 1915 si
902 1856 962 1916 hoc
977 1857 1076 1916 solum

55 1939 115 1998 hoc
134 1946 271 2013 tempore
292 1948 458 2013 pugnatur,
478 1947 511 1999 ut
529 1940 569 1998 ad
583 1937 663 1997 illam
681 1939 812 2013 opimam
827 1941 1077 2014 praeclaramque

56 2021 199 2096 praedam
215 2022 365 2083 damnatio
379 2021 449 2082 Sex.
460 2022 563 2083 Roscii
574 2024 657 2082 velut
669 2022 807 2082 cumulus
821 2022 961 2095 accedat,
975 2038 1077 2083 nonne

55 2121 151 2179 quum
169 2106 262 2164 multa
283 2104 488 2181 indignatum
509 2107 558 2166 vel
582 2105 642 2166 hoc
664 2105 905 2180 indignissimum
929 2114 989 2177 est,
1020 2119 1076 2166 vos

55 2188 186 2248 idoneos
212 2188 347 2261 habitos,
374 2206 430 2265 per
451 2207 578 2264 quorum
600 2189 765 2250 sententias
786 2189 895 2265 iusque
916 2187 1076 2250 iurandum

55 2270 88 2330 id
113 2270 333 2345 adsequantur,
361 2274 444 2348 quod
469 2281 558 2332 antea
579 2272 639 2347 ipsi
657 2274 773 2334 scelere
798 2282 828 2333 et
848 2274 926 2334 lerro
947 2272 1076 2347 adsequi

56 2362 262 2414 consuerunt?
292 2354 345 2429 qui
367 2373 405 2417 ex
423 2355 542 2416 civitate
556 2356 586 2415 in
602 2365 738 2416 senatum
753 2365 878 2431 propter
892 2356 1074 2432 dignitatem,

56 2455 96 2497 ex
118 2437 277 2512 senatuiu
298 2439 356 2509 hoc
377 2439 537 2500 consilium
559 2439 667 2500 delecti
686 2439 762 2500 estis
786 2449 911 2516 propter
931 2439 1074 2501 severita-

56 2530 132 2592 tem,
157 2521 195 2580 ab
215 2520 262 2582 his
281 2521 341 2583 boe
355 2524 510 2599 postulare
524 2523 663 2584 homines
681 2522 808 2584 sicarios
824 2533 914 2599 atque
929 2523 1074 2600 gladiato-

54 2621 122 2674 res,
145 2620 205 2664 non
222 2607 314 2666 modo
325 2615 358 2666 ut
378 2605 529 2682 supplicia
549 2607 655 2678 vitent,
683 2623 761 2681 quae
781 2623 799 2666 a
822 2607 910 2668 vobis
932 2623 988 2682 pro
1012 2622 1074 2665 ma-

55 2685 164 2747 leficiis
191 2687 255 2748 suis
279 2699 413 2751 metuere
438 2699 529 2764 atque
550 2690 673 2750 horrere
696 2691 825 2764 debent,
852 2707 958 2751 verum
985 2689 1075 2751 etiam

54 2778 88 2830 ut
114 2771 222 2845 spoliis
251 2786 289 2830 ex
312 2773 371 2834 hoc
394 2773 506 2834 iudicio
528 2775 625 2834 ornati
644 2774 786 2848 auctique
810 2773 990 2834 discedant?
1022 2775 1073 2832 lV.

54 2854 85 2914 9.
107 2853 162 2913 His
187 2855 339 2917 derebus
366 2857 456 2917 tantis
482 2872 603 2931 tamque
627 2857 781 2917 atrocibus
805 2874 905 2932 neque
933 2856 1006 2916 satis
1025 2873 1074 2916 mc

56 2938 216 2997 commode
238 2937 339 2999 dicere
360 2956 460 3015 neque
476 2940 550 3000 satis
570 2939 701 3015 graviter
715 2940 861 3016 conqueri
883 2956 984 3015 neque
999 2940 1074 3000 satis

55 3018 150 3079 libere
176 3021 336 3082 vociferari
362 3040 456 3099 posse
483 3023 627 3098 intelligo.
669 3026 742 3084 Narn
763 3023 967 3096 commoditati
990 3023 1073 3098 inge-

54 3102 153 3176 nium,
176 3104 315 3178 gravitati
334 3115 434 3180 aetas,
456 3106 586 3168 libertati
605 3116 742 3183 tempora
759 3116 830 3168 sunt
849 3105 1073 3182 impedimento.

54 3187 121 3247 Huc
143 3187 261 3248 accedit
281 3205 416 3251 summus
436 3189 540 3261 timor,
569 3207 659 3265 quern
684 3191 757 3250 mihi
785 3199 891 3250 natura
912 3190 1074 3266 pudorque

54 3287 142 3331 meus
169 3270 302 3333 attribuit
326 3283 355 3334 et
380 3284 482 3335 vestra
511 3273 641 3349 dignitas
663 3284 693 3334 et
714 3275 759 3335 vis
779 3274 1021 3336 adversariorum
1044 3281 1074 3333 et

56 3352 127 3412 Sex.
146 3354 252 3416 Roscii
272 3357 414 3430 pericula.
457 3357 646 3433 Quapropter
664 3374 722 3420 vos
744 3374 797 3419 oro
822 3367 914 3433 atque
935 3358 1074 3427 obsecro,

56 3434 189 3511 iudices,
211 3447 245 3500 ut
266 3448 378 3502 attento
399 3442 540 3518 bonaque
555 3459 623 3503 curn
639 3440 728 3503 venia
744 3442 842 3503 uerba
850 3458 926 3501 mea
935 3437 1085 3497 awaus.
