2370 3780
61 180 112 276 Ῠ38
229 178 301 243 PRO
323 179 405 240 SEX.
428 177 565 241 ROSCIO
586 177 760 239 AMERINO
783 177 934 239 ORATIO.

71 333 141 392 dem
164 341 361 394 accusaturus
387 340 470 409 esset
494 349 578 405 eum,
605 347 695 407 quem
717 347 772 407 pro
793 329 937 405 dignitate
965 347 1003 391 ne
1030 331 1091 390 lau·

70 416 144 475 dare
165 417 287 491 quidem
311 415 473 491 quisquam
500 414 575 476 satis
602 417 760 477 commode
781 424 901 491 posset,
930 413 1015 474 aiunt
1038 415 1090 476 ho-

69 499 193 573 minem,
224 508 257 560 ut
282 509 346 560 erat
372 500 520 571 furiosus,
556 499 771 574 respondisse,
805 500 887 572 quod
911 506 979 558 non
998 507 1092 559 totum

68 584 160 643 telum
181 600 309 658 corpore
329 583 506 658 recepisset.
539 581 603 655 Quo
625 585 758 658 populus
777 584 932 642 Romanus
953 581 1028 641 nihil
1051 582 1090 641 vi-

69 666 113 726 dit
133 666 301 741 indignius,
322 665 382 726 nisi
402 666 539 726 eiusdem
562 664 618 725 viri
639 674 779 739 mortem,
803 682 882 741 quae
902 674 1015 726 tantum
1037 682 1090 741 po·

68 750 138 822 tuit,
174 758 206 810 ut
233 767 339 812 omnes
366 749 449 811 cives
475 749 642 824 perdiderit
669 758 699 809 et
724 748 890 824 adllixerit,
917 767 996 824 quos
1022 748 1092 824 quia

69 850 193 893 servare
214 851 269 908 per
284 833 535 907 compositionem
550 833 686 905 volebat,
706 831 773 907 ipse
787 834 825 892 ab
841 833 879 893 iis
893 833 1090 907 interemptus

68 925 125 977 est.
162 916 213 978 34.
233 918 325 976 Estne
345 916 404 976 hoo
425 917 466 976 illi
484 917 563 978 dicto
587 925 679 991 atque
694 917 772 976 lacto
787 915 957 975 Fimbriano
978 914 1091 976 similli-

67 1007 170 1060 mum?
198 1000 359 1060 Accusatis
376 1000 446 1060 Sex.
460 1000 615 1061 Roscium.
643 998 720 1073 Quid
734 999 796 1060 ita?
811 999 882 1074 quia
898 999 1089 1059 demonibus

67 1083 179 1144 vestris
199 1083 317 1158 elingit=
338 1082 410 1159 quia
427 1101 462 1144 se
482 1084 581 1145 occidi
596 1099 707 1159 passus
722 1100 781 1143 non
798 1091 854 1149 est.
883 1083 960 1143 Illud
975 1083 1045 1158 quia
1060 1082 1089 1142 in

69 1167 219 1227 Scaevola
234 1168 344 1227 iactum
359 1176 421 1241 est,
441 1168 537 1243 magis
552 1167 707 1243 indignum
724 1166 857 1227 videtur:
879 1166 952 1238 hoc,
970 1166 1042 1241 quia
1058 1167 1090 1226 fit

68 1251 317 1328 aChrysogono,
338 1269 408 1312 num
428 1260 475 1313 est
496 1253 674 1312 lerendumt
706 1251 780 1311 Nam
798 1250 946 1325 perdens
970 1249 1094 1311 immor-

67 1336 159 1407 tales
179 1335 251 1410 quid
270 1343 317 1396 est
328 1334 358 1395 in
373 1336 430 1395 hac
449 1352 543 1396 causa
559 1336 643 1410 quod
658 1333 845 1394 defensionis
862 1333 1015 1409 indigeat?
1039 1332 1091 1410 qui

67 1421 154 1478 locus
186 1419 337 1494 ingenium
364 1419 483 1494 patroni
508 1418 641 1494 requirit⁴
658 1427 710 1479 aut
734 1419 862 1479 oratoris
886 1418 1090 1493 eloquentiam

66 1517 176 1578 magno
200 1520 293 1578 opere
314 1502 489 1564 desiderat?
516 1502 620 1564 Totam
641 1519 783 1575 causam,
803 1501 935 1575 iudices,
957 1501 1092 1578 explice-

67 1603 135 1647 mus
147 1595 238 1661 atque
249 1595 318 1648 ante
330 1588 437 1648 oculos
449 1585 618 1661 expositam
629 1586 872 1647 consideremus:
888 1584 1090 1659 italacillime,

68 1687 148 1745 quae
166 1687 216 1731 res
238 1679 333 1731 totum
353 1669 496 1730 iudicium
517 1669 669 1732 contineat
689 1678 719 1730 et
739 1670 850 1744 quibus
871 1669 1016 1730 derebus
1031 1687 1089 1730 nos

67 1754 170 1814 dicere
186 1762 325 1828 oporteat
341 1763 371 1815 et
383 1753 455 1828 quid
469 1769 525 1814 vos
538 1754 627 1829 sequi
641 1753 803 1814 conveniat
813 1753 994 1827 intelligetis.
1012 1754 1089 1814 Xlll.

66 1837 117 1898 35.
142 1838 215 1898 Tres
237 1846 307 1897 sunt
325 1853 392 1911 res,
412 1844 556 1911 quantum
577 1854 634 1912 ego
649 1837 822 1898 existimare
844 1854 985 1912 possum,
1010 1854 1090 1914 quae

67 1922 189 1982 obstent
208 1921 267 1981 hoc
288 1930 422 1997 tempore
438 1920 508 1981 Sex.
522 1921 650 1982 Roscio:
672 1920 783 1981 crimen
800 1920 1045 1985 adversariorum
1060 1929 1090 1982 et

67 2005 195 2065 audacia
218 2014 248 2066 et
269 2007 412 2081 potentia.
443 2005 580 2064 Criminis
605 2005 816 2066 confictionem
839 2006 1088 2066 accusatorEru-

67 2091 132 2150 cius
141 2089 291 2164 suscepit:
301 2089 447 2150 audaciae
458 2097 560 2164 partes
572 2089 675 2149 Roscii
688 2089 745 2148 sibi
756 2096 980 2164 poposcerunt:
995 2088 1087 2166 Chry-

67 2190 202 2248 sogonus
223 2182 336 2243 autem,
362 2173 462 2246 isqui
485 2172 645 2248 plurimum
667 2181 783 2249 potest,
808 2172 943 2248 potentia
962 2183 1087 2248 pugnat.

64 2256 215 2317 Dehisce
239 2257 377 2317 omnibus
397 2255 489 2316 rebus
510 2272 558 2316 me
579 2255 681 2316 dicere
703 2265 844 2331 oportere
865 2255 1008 2332 intelligo.
1036 2257 1086 2319 36.

66 2340 143 2414 Quid
163 2340 253 2414 igitur
275 2347 344 2400 est‘t
370 2340 437 2400 Non
458 2342 566 2400 eodem
582 2342 672 2400 modo
688 2341 725 2400 de
742 2341 896 2400 omnibus:
918 2340 988 2402 ideo
1005 2343 1088 2415 quod

64 2425 162 2499 prima
180 2423 230 2483 illa
246 2440 296 2484 res
316 2425 356 2483 nd
376 2440 476 2484 meum
497 2425 629 2485 officium
650 2423 791 2498 pertinet,
812 2423 889 2483 duas
904 2433 1004 2485 autem
1018 2424 1085 2485 reli-

65 2526 142 2582 quas
165 2507 254 2567 vobis
276 2510 408 2584 populus
423 2509 579 2568 Romanus
601 2507 753 2582 imposuit.
785 2507 850 2580 Ego
866 2506 979 2568 crimen
996 2526 1085 2584 opor-

66 2600 107 2652 tet
122 2591 246 2652 diluam:
268 2607 325 2652 vos
347 2600 377 2652 et
390 2591 535 2651 audaciae
550 2591 694 2652 resistere
709 2599 739 2651 et
752 2590 906 2651 hominum
920 2592 987 2654 eius
1002 2591 1085 2653 modi

63 2675 267 2749 perniciosam
292 2684 383 2751 atque
408 2673 626 2735 intolerandam
651 2675 817 2751 potentiam
842 2674 939 2749 primo
961 2692 1086 2752 quoque

63 2768 200 2835 tempore
215 2758 408 2834 exstinguere
423 2767 514 2834 atque
529 2759 701 2835 opprimere
716 2758 842 2821 debetis.

39 2895 43 2905 .
145 2841 195 2906 37.
218 2841 374 2904 Occidisse
385 2851 500 2916 patrem
516 2841 587 2903 Sex.
599 2844 728 2904 Roscius
744 2843 884 2916 arguitur.
907 2842 1083 2916 Scelestum,

64 2927 94 2985 di
115 2925 311 2998 immortales,
337 2942 373 2986 ac
400 2925 546 2986 nefarium
567 2928 684 2987 lacinus
705 2933 796 3000 atque
816 2926 882 2986 eius
902 2927 1000 3000 modi,
1023 2942 1083 3002 quo

64 3027 125 3070 uno
146 3010 294 3071 maleficio
316 3010 434 3070 scelera
450 3010 550 3071 omnia
573 3012 733 3085 complexa
747 3027 818 3071 esso
832 3010 999 3071 videantur.
1033 3011 1082 3071 Et·

63 3092 196 3166 enimsi,
210 3093 242 3153 id
257 3095 341 3169 quod
353 3094 508 3169 praeclare
523 3111 541 3153 a
556 3094 743 3169 sapientibus
756 3093 878 3168 dicitur,
892 3094 977 3154 v'ultu
990 3110 1083 3168 saepe

63 3177 191 3237 laeditur
203 3176 310 3251 pietas,
324 3179 406 3252 quod
420 3177 603 3253 supplicium
616 3178 690 3239 satis
703 3194 773 3237 acre
785 3178 952 3253 reperietur
963 3180 1083 3249 laeum,

66 3261 118 3336 qui
132 3269 257 3320 mortem
278 3262 418 3322 obtulerit
437 3262 568 3336 parenti,
589 3278 644 3336 pro
667 3278 727 3336 quo
749 3261 825 3322 mori
847 3263 961 3338 ipsum,
985 3261 1010 3322 si
1031 3277 1082 3320 res

39 3407 41 3411 ,
63 3346 244 3418 postularet,
264 3345 328 3403 iura
344 3345 445 3406 divina
459 3354 551 3420 atque
565 3346 695 3405 humana
709 3346 880 3419 cogebant?
907 3344 957 3405 38.
975 3347 1008 3406 ln
1024 3345 1082 3406 hoo

63 3438 159 3503 tanto,
177 3438 237 3490 tam
252 3429 361 3500 atroci,
377 3438 437 3488 tam
452 3429 597 3504 singulari
612 3429 776 3504 maleficio,
798 3430 880 3506 quod
894 3429 934 3490 ita
945 3445 1013 3490 raro
1028 3444 1081 3489 ex-
