2370 3780
402 189 484 250 CAP·
497 196 613 251 8-10.
628 194 654 255 ἕ·
669 196 800 251 30-’36.
1094 189 1115 251 9

86 351 164 415 runt,
178 340 419 409 videsaccusare
428 348 457 400 et
468 357 505 400 ea
518 339 638 414 ingenia
651 341 786 400 converti
799 341 838 400 ad
850 341 1023 416 pernicIem
1036 360 1115 419 quae

85 434 175 486 antea
186 425 385 487 versabantur
399 423 430 482 in
445 425 541 484 salute
554 432 645 498 atque
658 424 770 484 auxilio
787 425 921 486 serendo.
937 428 1014 487 lllud
1026 429 1114 487 etiam

83 509 249 583 restiterat,
263 509 495 584 quodhesterno
505 507 554 567 die
566 509 716 581 lecerunt,
729 516 761 567 ut
773 517 802 567 te
815 509 844 567 in
859 509 906 568 ius
919 510 1113 584 adducerent,

84 603 118 653 ut
134 591 222 653 nobis
241 601 362 666 tempus
391 608 481 666 quam
503 591 555 651 diu
576 591 748 651 diceremus
769 593 1001 666 praestitueres:
1025 612 1115 668 quarn

83 693 147 737 rem
165 676 252 736 lacile
268 693 286 735 a
302 683 442 749 praetore
459 674 686 749 impetrassent,
709 674 767 735 nisi
782 684 814 736 tu
835 677 918 750 quod
934 686 1018 738 esset
1031 687 1115 738 tuum

83 760 131 840 ius
147 768 177 820 et
198 759 333 818 officium
352 767 535 834 tempusque
555 758 727 825 docuisses.
759 757 810 820 el.
831 760 936 834 Neque
952 761 1041 821 nobis
1062 763 1114 821 ad-

82 845 142 903 huc
153 851 275 918 praeter
288 849 319 903 te
331 841 493 917 quisquam
508 841 578 910 fuit,
593 841 645 901 ubi
657 852 793 903 nostrum
805 843 852 904 ias
865 852 970 904 contra
979 843 1048 906 illos
1061 846 1114 905 ob-

82 926 265 999 tineremus,
279 941 378 1001 neque
390 925 449 985 illis
461 942 605 1001 umquam
618 925 692 986 satis
708 927 763 987 luit
774 928 848 987 illud
863 927 1014 1004 obtinere,
1031 930 1115 1004 quod

84 1008 208 1086 probari
233 1008 371 1087 omnibus
389 1019 507 1085 posset.
545 1011 588 1069 lta
611 1009 678 1069 sine
698 1009 806 1086 ¹iniuria
826 1011 994 1086 potentiam
1015 1014 1114 1072 levetn

82 1103 177 1169 atque
192 1093 313 1168 inopem
331 1109 402 1152 esse
419 1093 610 1156 arbitrantur.

168 1177 205 1236 X.
224 1177 337 1236 Verum
353 1177 496 1251 quonlam
514 1177 568 1237 tibi
583 1176 675 1236 instat
685 1176 868 1237 Hortensius
881 1185 913 1237 ut
927 1194 980 1239 eas
995 1176 1024 1237 in
1042 1196 1113 1240 cun·

85 1259 200 1331 silium,
223 1276 241 1319 a
262 1277 309 1321 me
326 1261 516 1336 postulatae
532 1260 663 1320 dicendo
685 1267 806 1336 tempus
824 1261 997 1335 absumam,
1013 1262 1113 1337 queri-

83 1354 133 1404 tur
152 1344 252 1418 priore
272 1353 402 1419 patrono
425 1361 549 1404 causam
577 1344 760 1404 defendente
787 1361 950 1419 numquam
978 1346 1115 1421 perorari

86 1427 238 1502 potuisse,
258 1445 320 1488 non
344 1428 440 1502 pallae
460 1430 549 1488 istam
571 1444 693 1487 manere
713 1428 939 1503 suspicionem,
965 1447 1023 1490 nos
1047 1447 1113 1491 rem

83 1511 210 1572 iudicari
224 1513 320 1583 nolle,
338 1528 439 1586 neque
454 1511 528 1571 illud
541 1511 614 1570 mihi
625 1512 797 1585 adrogabo,
813 1528 860 1570 me
875 1528 971 1586 posse
988 1529 1113 1575 causam

83 1595 273 1656 commodius
287 1597 496 1655 demonstrare
513 1613 603 1670 quam
614 1604 704 1655 antea
720 1596 927 1655 demonstrata
943 1595 996 1656 sita
1011 1614 1113 1671 neque

10 1696 30 1705 ··
84 1689 185 1740 tamen
202 1688 262 1739 tam
282 1680 376 1739 mulla
393 1679 492 1752 verba,
506 1679 628 1750 luciam,
650 1689 813 1754 propterea
837 1680 921 1752 quod
942 1685 971 1738 et
991 1679 1029 1738 ab
1052 1681 1113 1754 illo,

85 1762 215 1838 quitum
237 1762 327 1835 dixit,
348 1762 407 1821 iam
430 1762 589 1823 informata
604 1779 699 1823 causa
714 1759 804 1823 estet
820 1780 837 1822 a
854 1780 917 1835 me,
944 1763 997 1838 qui
1014 1781 1114 1838 neque

83 1845 370 1921 excogitareneque
382 1847 584 1921 pronunciare
596 1849 689 1906 multa
700 1864 844 1922 possum,
860 1845 994 1907 brevitas
1006 1856 1113 1923 postu-

86 1931 179 2003 latur,
202 1947 281 2004 quae
304 1929 438 1989 mihimet
453 1929 513 2004 ipsi
527 1930 713 2003 amicissima
728 1939 788 1990 est:
802 1929 868 1991 .35.
887 1930 1010 2004 faciam,
1030 1931 1113 2006 quod

84 2023 114 2074 te
130 2029 225 2088 saepe
246 2013 445 2077 animadverti
468 2016 584 2086 lacere,
604 2013 763 2074 Hortensi:
785 2021 878 2074 totum
898 2031 1010 2075 causae
1026 2033 1113 2076 meae

83 2096 245 2156 dictionem
261 2105 359 2158 certas
374 2097 403 2155 in
417 2106 519 2172 partes
532 2097 675 2157 dividam.
695 2098 739 2157 Tu
753 2096 784 2156 id
798 2115 919 2172 semper
934 2098 1025 2173 lacis,
1043 2098 1114 2174 quia

85 2196 207 2254 semper
221 2189 324 2254 potes:
345 2197 403 2255 ego
426 2181 456 2239 in
472 2181 529 2241 hac
548 2198 641 2241 causa
656 2181 780 2254 faciam,
800 2189 962 2256 propterea
981 2184 1064 2259 quod
1081 2183 1112 2242 in

84 2263 141 2321 lrac
164 2262 270 2323 videor
290 2276 385 2338 posse
409 2266 520 2324 lacere.
554 2265 642 2337 Quod
663 2265 715 2325 tibi
737 2273 844 2325 natura
867 2266 918 2325 dat
938 2275 970 2326 ut
990 2283 1113 2341 semper

84 2347 203 2420 possis,
218 2346 248 2406 id
263 2347 335 2406 milti
353 2363 447 2408 causa
459 2349 599 2410 concedit
610 2357 643 2408 ut
658 2347 749 2408 hodie
764 2348 891 2424 possim.
920 2349 1024 2409 Certos
1040 2348 1113 2409 mihi

19 2445 22 2448 ’
83 2431 161 2488 lines
177 2430 383 2506 terminosque
395 2432 591 2506 constituam,
604 2441 689 2492 extra
702 2450 780 2507 quos
794 2432 897 2506 egredi
912 2450 971 2492 non
984 2432 1111 2508 possim,

84 2512 111 2574 si
129 2512 259 2574 maxime
273 2516 379 2589 velim,
400 2524 433 2576 ut
453 2523 482 2576 ct
502 2514 574 2575 mihi
597 2516 636 2576 sit
656 2516 846 2591 propositum
868 2516 906 2575 de
928 2533 987 2591 quo
1012 2516 1111 2577 dicam

84 2605 114 2656 ct
126 2596 306 2658 Hortensius
322 2598 433 2679 lralqeat
452 2598 593 2673 exposita
612 2600 651 2658 ad
668 2616 747 2674 quae
760 2600 949 2674 respondeat
964 2608 993 2660 et
1012 2607 1059 2669 tu,
1080 2600 1110 2660 C.
1127 2596 1130 2601 '

83 2679 203 2754 Aquili,
223 2680 282 2740 iam
300 2690 371 2743 ante
392 2683 492 2743 animo
513 2683 693 2758 prospicere
711 2683 815 2758 possis
838 2683 949 2758 quibus
965 2683 1110 2744 derebus

83 2764 243 2824 auditurus
260 2764 314 2825 sis.

168 2844 219 2907 36.
246 2848 398 2924 Negamus
420 2857 450 2908 te
470 2850 551 2909 bona
571 2850 601 2908 Ρ.
618 2849 760 2923 Quinctii,
783 2849 854 2911 Sex,
869 2848 979 2923 Naevi,
1000 2867 1109 2925 posse-

86 2930 171 2990 disse
186 2944 225 2990 ex
241 2930 339 2992 edicto
355 2933 514 3008 praetoris.
547 2934 580 2992 ln
600 2950 636 2994 eo
660 2933 786 3009 sponsio
810 2937 889 2993 lacta
911 2942 967 2993 est.
1003 2933 1110 2995 Osten-

84 3015 154 3073 dam
169 3015 298 3088 primum
312 3033 435 3079 causam
452 3035 511 3078 non
531 3017 626 3077 luisse
649 3035 702 3077 cur
723 3036 740 3077 a
765 3027 906 3093 praetore
927 3020 1108 3091 postulares,

83 3106 117 3158 ut
137 3097 219 3157 bona
237 3098 269 3156 P.
291 3099 419 3172 Quiactii
441 3101 632 3176 possideres:
655 3102 766 3161 deinde
790 3117 828 3159 ex
849 3101 947 3161 edicto
963 3111 992 3162 te
1008 3100 1108 3176 possi·

84 3182 157 3241 dere
175 3198 236 3242 non
253 3184 406 3256 potuisse:
433 3194 587 3258 postremo
610 3202 671 3244 non
694 3183 886 3260 possedisse.
918 3185 1053 3258 Quaeso,
1076 3185 1107 3243 C.

82 3264 186 3339 Aquili
203 3283 336 3340 vosque,
359 3267 411 3343 qui
434 3268 507 3328 estis
528 3269 557 3326 in
579 3268 724 3340 consilio,
745 3276 777 3328 ut
793 3268 865 3342 quid
883 3268 1035 3343 pollicitus
1051 3266 1108 3326 sim

84 3348 244 3424 diligenter
269 3351 431 3412 memoriae
458 3351 616 3412 mandetis.
651 3352 767 3412 Etenim
789 3368 851 3410 rem
875 3352 993 3412 lucilius
1014 3359 1107 3410 totam

67 3433 257 3508 accipietis,
274 3433 300 3494 si
313 3433 388 3494 llaec
404 3435 613 3520 memineritis,
629 3444 659 3497 et
675 3452 723 3496 me
738 3434 1118 3496 tactleucsuacusuffi-
