2370 3780
87 191 127 254 ro
251 190 421 253 raosax.
439 190 932 253 aoscromranruooaarro.
962 143 966 150 ¹

85 361 151 416 roS,
171 345 293 417 sedere,
310 344 361 419 qui
376 342 535 419 excipiatis
550 360 613 414 eos,
631 343 683 418 qui
701 344 739 403 de
755 346 819 404 suis
837 346 974 405 manibus
990 345 1104 420 effuge·

83 429 150 488 rint.
183 428 219 486 Di
234 429 427 502 prohibeant,
444 427 575 497 iudiceS,
603 437 633 487 ut
648 428 720 500 lroc,
744 429 827 502 quod
851 429 982 488 maiores
1005 431 1104 489 consi-

83 513 154 572 tium
169 512 321 586 publicum
344 513 446 572 vocari
467 513 639 582 voluerunt,
661 512 847 586 praesidium
868 520 1022 572 sectorum
1044 512 1105 572 exi·

84 597 227 657 stimetur.
265 594 334 656 152.
369 597 417 655 An
432 610 521 665 vero,
537 593 669 663 iudices
690 611 745 654 vos
763 612 824 656 non
846 595 1011 670 intelligitis
1033 594 1106 655 nihil

82 680 163 739 aliud
180 681 242 754 agi,
266 679 324 739 nisi
340 687 370 738 ut
385 676 623 753 proscriptorum
639 677 724 737 liberi
743 679 851 753 quavis
867 681 982 740 ratione
996 681 1105 739 tollan-

82 773 139 840 tur,
160 763 268 823 eteius
286 763 330 822 rei
343 761 460 825 initium
474 760 504 819 in
526 768 627 821 vestro
643 761 708 820 iure
728 761 855 823 iurando
874 773 965 839 atque
981 762 1013 822 iu
1031 763 1103 824 Sex.

79 845 183 908 Roscii
208 847 344 920 periculo
368 836 493 920 qua'erit
525 844 654 904 Dubium
677 846 786 905 estad
813 864 904 920 quem
923 847 1105 907 maleficium

80 929 236 1005 pertineat,
256 945 348 1004 quum
365 928 491 989 videatis
504 945 542 988 ex
557 929 651 988 altera
663 936 749 1003 parte
763 938 922 1003 sectorem,
939 929 1104 1004 inimicum,

81 1012 222 1074 sicarium
246 1013 446 1088 eumdemque
467 1021 676 1073 accusatorem
696 1013 755 1072 hoc
776 1020 927 1087 tempore,
949 1030 988 1073 ex
1009 1017 1105 1076 altera

81 1106 165 1172 parte
180 1104 326 1171 egentem,
342 1095 580 1171 probatumsuis
592 1097 695 1170 filium,
709 1096 739 1156 in
756 1113 817 1172 quo
832 1114 893 1157 non
906 1098 997 1157 modo
1013 1100 1103 1173 culpa

80 1182 169 1250 nulla,
183 1181 237 1240 sed
251 1197 288 1239 ne
298 1180 433 1255 suspicio
446 1181 568 1255 quidem
579 1182 675 1254 potuit
687 1181 875 1241 consisteret
890 1182 1041 1256 Numquid
1055 1181 1104 1242 hic

80 1265 160 1325 aliud
174 1263 281 1324 videtis
299 1263 548 1336 obstareRoscio,
561 1265 619 1324 nisi
632 1265 715 1339 quod
726 1264 821 1339 patris
831 1265 912 1325 bona
924 1264 1104 1325 venieruntt

162 1349 234 1407 Lill.
260 1348 330 1410 153.
365 1348 480 1423 Quodsi
494 1348 525 1407 id
537 1365 593 1408 vos
612 1349 766 1424 suscipitis
784 1356 813 1412 et
824 1364 890 1408 cam
904 1350 935 1409 in
947 1365 1012 1409 rem
1029 1365 1103 1424 ope·

79 1449 144 1492 ram
158 1440 292 1493 vestram
307 1431 504 1508 profitemini,
520 1431 547 1491 si
561 1431 676 1492 idcirco
693 1432 822 1506 sedetis,
839 1440 872 1492 ut
886 1433 925 1492 ad
937 1449 994 1492 vos
1005 1433 1102 1493 addu-

80 1524 184 1576 cantur
205 1533 309 1576 eorum
331 1515 432 1590 liberi,
457 1531 585 1591 quorum
605 1517 687 1576 bona
703 1517 875 1590 venierunt,
898 1524 1023 1588 cavete,
1046 1532 1103 1592 per

79 1601 155 1661 deos
176 1600 374 1671 immortales,
399 1599 533 1674 iudices,
553 1616 592 1659 ne
611 1615 692 1659 nova
713 1607 743 1660 et
758 1601 850 1660 multo
875 1599 1026 1660 crudelior
1047 1617 1103 1676 per

79 1702 135 1744 vos
148 1683 330 1760 proscriptio
346 1684 511 1743 instaurata
522 1700 593 1758 esse
603 1683 750 1743 videatur.
769 1685 852 1743 iilam
862 1683 1003 1759 priorem,
1023 1700 1102 1759 quae

79 1770 158 1827 tacta
174 1767 266 1827 estin
280 1783 350 1840 eos,
365 1767 417 1842 qui
430 1783 514 1826 arma
529 1784 638 1841 capere
654 1775 831 1842 potuerunt,
853 1775 952 1827 tamen
974 1776 1100 1828 senatus

79 1852 236 1925 suscipere
252 1849 362 1923 noluit,
378 1866 416 1909 ne
432 1849 505 1926 quid
517 1850 635 1922 acrius,
653 1867 743 1926 quam
757 1867 841 1913 more
855 1849 1002 1910 maiorum
1018 1867 1099 1912 com-

77 1943 216 2010 paratum
232 1943 293 2008 est,
315 1933 437 2010 publico
455 1934 582 1995 consilio
598 1936 710 1994 tactum
725 1934 892 2008 videretur,
912 1934 990 1993 hanc
1014 1951 1100 2008 vero,

79 2036 158 2095 quae
174 2020 214 2078 ad
225 2036 329 2080 eorum
344 2017 456 2078 liberos
468 2025 559 2093 atque
573 2019 612 2077 ad
627 2017 784 2079 infantium
794 2034 957 2095 puerorum
971 2017 1099 2078 incuna-

77 2104 149 2163 bula
165 2102 307 2179 pertinet,
324 2101 382 2162 nisi
397 2102 456 2162 hoc
470 2101 582 2162 iudicio
608 2118 627 2161 a
646 2102 734 2164 vobis
757 2101 880 2163 reiicitis
902 2110 931 2162 et
951 2118 1098 2177 asperna-

77 2186 164 2259 mini,
183 2187 297 2257 videte,
313 2203 369 2262 per
383 2187 459 2246 deos
474 2186 675 2261 immortales,
695 2203 787 2262 quern
801 2186 832 2246 in
850 2187 951 2245 locum
965 2203 1029 2246 rem
1042 2202 1098 2261 pu-

76 2272 186 2331 blicam
200 2279 414 2346 perventuram
429 2270 550 2345 putetis.

91 2406 98 2419 .
161 2352 231 2417 154.
253 2353 399 2427 Homines
415 2353 568 2427 sapientes
583 2361 613 2414 et
628 2351 687 2414 ista
701 2351 879 2414 auctoritate
902 2362 931 2414 et
946 2359 1098 2428 potestate

76 2439 248 2515 praeditos,
265 2455 326 2512 qua
341 2454 397 2498 vos
410 2438 498 2510 estis,
521 2436 686 2512 exquibus
706 2438 797 2497 rebus
813 2436 944 2497 maxime
967 2451 1017 2495 res
1040 2452 1096 2510 pu-

75 2523 155 2583 blica
171 2523 302 2593 laborat,
327 2521 363 2581 iis
379 2521 509 2581 maxime
524 2520 639 2580 mederi
656 2520 807 2581 convenit.
849 2522 995 2581 Vestrum
1006 2534 1095 2579 nemo

76 2616 124 2667 est
142 2606 213 2682 quin
228 2603 373 2679 intelligat
387 2605 533 2685 populum
546 2605 731 2687 Romanum,
749 2603 802 2679 qui
816 2605 969 2678 quondam
990 2601 1021 2662 in
1040 2601 1096 2664 ho,-

77 2699 140 2750 stes
156 2690 331 2750 lenissimus
348 2689 590 2762 existimabatur,
612 2689 671 2748 hoc
685 2697 821 2762 tempore
835 2686 1005 2748 domestica
1028 2702 1095 2746 cru-

76 2773 197 2834 delitate
210 2775 359 2833 laborare.
390 2773 474 2832 Hanc
489 2772 584 2832 tollite
598 2789 637 2832 ex
652 2771 781 2845 civitate,
795 2770 923 2845 iudices,
939 2771 1017 2829 hanc
1031 2767 1095 2844 pati

75 2856 168 2917 nolite
186 2857 298 2918 diutius
313 2857 343 2916 in
359 2857 418 2917 hac
437 2872 470 2915 re
487 2856 610 2930 publica
625 2855 758 2916 versari:
782 2873 861 2930 quae
877 2874 938 2917 non
953 2853 1045 2913 modo
1062 2852 1095 2911 id

74 2940 165 3001 habet
181 2941 212 3001 in
227 2959 262 3001 se
276 2942 360 3014 mali,
377 2940 461 3016 quod
475 2948 519 2999 tot
532 2940 615 3000 cives
633 2937 823 2999 atrocissime
838 2939 971 3010 sustulit,
990 2953 1095 2997 verum

75 3024 164 3084 ctiam
178 3025 350 3086 hominibus
366 3021 530 3085 lenissimis
545 3022 658 3084 ademit
677 3021 916 3084 misericordiam
931 3031 1094 3083 consuetu·

74 3107 145 3168 dine
168 3108 437 3170 incommodorum.
484 3106 558 3166 Nam
584 3123 676 3180 quum
702 3105 840 3168 omnibus
866 3107 950 3169 horis
978 3102 1093 3178 aliquid

2 3242 5 3249 .
74 3192 215 3252 atrociter
234 3193 300 3253 fieri
322 3192 461 3254 videmus
476 3199 527 3250 aut
541 3190 696 3263 audimus,
712 3189 801 3250 etiam
818 3191 870 3267 qui
882 3199 987 3252 natura
998 3184 1091 3246 mitis-

74 3276 142 3336 simi
158 3293 279 3349 sumuS,
295 3275 476 3337 adsiduitate
490 3274 696 3336 molestiarum
711 3289 836 3335 sensum
854 3291 973 3337 omnem
986 3272 1090 3331 huma-

57 3359 166 3418 nitatis
182 3376 225 3421 ex
236 3360 350 3421 anirnis
364 3360 540 3429 amittimus.
595 3402 604 3418 .
