2370 3780
120 197 163 262 60
279 194 353 258 rito
375 194 458 258 SEX.
479 195 617 260 ROSCIO
639 195 813 259 Amerino
835 195 988 259 ORATIO.

122 348 209 423 iuria,
224 356 388 425 propterea
405 350 489 424 quod
503 348 647 411 auxilium
665 348 724 412 sibi
738 368 773 412 se
787 357 872 447 putat
886 346 1080 427 adiunxisse,
1094 347 1182 427 qui
1179 342 1183 375 ³

122 450 192 494 curn
210 435 305 494 altero
321 450 385 493 rem
401 434 641 494 communicavit.
683 434 733 494 Ad
753 435 840 496 cuius
860 434 950 509 igilur
967 433 1062 501 fidem
1074 449 1141 496 cau·

121 517 225 614 lugiet,
242 533 335 593 quum
353 533 426 593 per
423 517 489 576 elus
504 518 596 576 iidem
611 517 739 578 laeditur
753 517 803 580 cui
819 535 853 580 se
871 516 1082 579 commiserit?
1092 518 1142 579 Δι-

121 601 176 678 qui
195 617 234 661 ea
255 607 325 662 sunt
342 600 610 660 animadvertenda
624 610 751 675 peccata
768 602 913 676 maxime,
931 617 1012 677 quae
1026 599 1141 662 dilllcil-

121 684 191 746 lime
209 693 437 760 praecaventur
465 683 547 744 Tecti
562 699 632 743 esse
646 685 686 743 ad
705 684 822 747 alienos
844 702 1029 761 possumusz
1051 682 1146 746 intimi

121 769 214 830 multa
230 767 382 843 apertiora
397 767 519 829 videant
534 783 663 828 necesse
677 775 737 827 est.
753 769 870 830 socium
881 785 990 830 cavere
1005 770 1060 844 qui
1073 784 1143 845 pas·

121 859 248 914 sumust
263 867 354 927 quem
365 849 454 911 etiam
472 849 499 911 si
514 852 683 924 metuimus,
700 850 748 911 ius
764 853 858 913 oflicii
872 852 1032 914 laedimus.
1053 852 1143 914 Recte

120 934 212 1012 igitur
227 933 358 995 maiores
377 951 454 1009 eum,
470 935 521 1010 qui
539 934 656 996 socium
677 934 844 1011 fefellisset,
858 937 889 997 in
901 936 1037 997 virorum
1049 936 1143 997 bono

121 1037 188 1081 rum
207 1033 332 1079 numero
353 1034 414 1078 non
436 1027 578 1095 putarunt
600 1017 705 1081 haberi
725 1028 875 1094 oportere.
918 1016 989 1082 117.
1014 1023 1057 1081 At
1071 1033 1142 1083 vero

121 1105 154 1164 T.
162 1101 300 1163 :Roscius
314 1119 375 1163 non
396 1120 488 1163 unum
509 1102 554 1164 rei
574 1101 767 1178 pecuniariae
782 1101 900 1164 socium
915 1101 1036 1176 lelellit,
1052 1102 1141 1180 quod,

120 1184 241 1248 tametsi
260 1202 353 1261 grave
368 1195 431 1261 est,
453 1196 550 1247 tamen
574 1187 789 1262 aliquomodo
810 1203 907 1262 posse
930 1185 1003 1248 lerri
1017 1185 1142 1261 videtur,

123 1286 230 1331 verum
251 1286 361 1330 novem
381 1271 519 1332 homines
539 1269 738 1342 fortissimos,
766 1269 905 1331 eiusdem
925 1268 1078 1344 muneris,
1102 1272 1141 1332 le·

121 1352 263 1429 pauoris,
280 1353 374 1415 officii
391 1355 663 1428 mandatorumque
677 1353 781 1415 socios
801 1353 927 1428 induxit,
946 1352 1078 1429 decepit,
1092 1353 1142 1415 de

121 1435 230 1509 stituit,
251 1437 436 1499 adversariis
450 1437 588 1510 tradidit,
611 1437 693 1498 omni
709 1437 815 1499 lraade
829 1446 860 1499 et
881 1436 1011 1514 perfidia
1025 1436 1141 1498 lelellitz

122 1521 175 1599 qui
189 1522 229 1583 de
244 1520 311 1583 eius
333 1525 451 1583 scelere
469 1522 619 1598 suspicari
636 1522 708 1581 nihil
721 1528 891 1597 potuerunt,
918 1519 1037 1583 socium
1051 1518 1144 1583 oldcii

121 1613 257 1667 metuere
272 1622 333 1666 non
348 1605 526 1676 debuerunt
541 1605 608 1666 eius
620 1605 761 1666 malitiam
773 1622 832 1667 non
850 1604 1000 1680 viderunt,
1016 1602 1143 1669 orationi

123 1705 221 1749 vanae
242 1689 445 1749 crediderunt.
481 1691 587 1765 ltaque
608 1705 688 1749 nunc
708 1688 750 1749 illi
774 1687 912 1750 homines
937 1686 1143 1750 honestissimi

121 1780 246 1850 propter
271 1770 359 1832 istius
389 1772 517 1834 insidias
543 1789 650 1848 parum
679 1780 821 1848 putantur
853 1772 933 1832 cauti
961 1770 1144 1847 providique

122 1855 236 1928 luisse;
263 1855 337 1929 iste,
359 1855 411 1932 qui
432 1856 516 1917 initio
538 1856 676 1932 proditor
700 1855 769 1930 luit,
792 1855 903 1917 deiude
927 1855 1073 1931 perfuga,
1092 1852 1143 1931 qui

121 1939 220 2016 primo
237 1938 390 2000 sociorum
405 1939 534 2001 consilia
548 1939 733 2001 adversariis
756 1937 942 2010 enunciavit,
965 1937 1080 2000 deinde
1094 1954 1142 2000 sc

121 2022 260 2085 cietatem
274 2039 343 2084 cum
357 2023 435 2099 ipsis
450 2022 635 2084 adversariis
650 2022 731 2097 coiit,
751 2031 844 2084 terret
863 2021 953 2083 ctiam
967 2039 1026 2084 nas
1039 2037 1077 2084 ac
1090 2018 1143 2083 mi·

121 2116 218 2182 natur,
233 2106 329 2168 tribus
348 2107 491 2183 praediis,
506 2108 566 2167 hcc
585 2115 632 2168 est
652 2106 796 2182 praemiis
811 2106 945 2179 sceleris,
960 2115 1096 2168 ornatus.
1109 2106 1143 2166 ln

122 2189 188 2251 eius
201 2189 284 2251 modi
297 2189 368 2264 vita,
383 2190 510 2262 iudices,
526 2190 557 2250 in
572 2190 620 2250 his
636 2200 680 2252 tot
689 2190 842 2266 tantisque
857 2188 979 2264 flagitiis
989 2190 1050 2252 hac
1068 2204 1142 2266 qua.-

123 2289 184 2349 que
201 2274 397 2348 maleficium,
420 2275 459 2334 de
481 2292 541 2350 quo
563 2273 706 2335 iudicium
721 2282 778 2348 est,
791 2272 960 2349 reperietis
1001 2272 1072 2336 118.
1093 2274 1142 2335 Et·

122 2358 203 2418 enim
218 2373 365 2433 quaerere
380 2357 421 2419 ita
435 2358 568 2419 debetis=
588 2357 640 2419 ubl
654 2359 747 2419 multa
759 2373 866 2430 avara,
883 2357 976 2418 multa
990 2357 1141 2429 audacter,

122 2442 216 2503 multa
229 2441 382 2518 improbe,
404 2444 497 2502 multa
518 2442 684 2517 perfidiose
703 2443 783 2503 lacta
799 2439 955 2512 videbitis,
978 2439 1019 2502 ibi
1040 2442 1142 2503 scelus

122 2540 249 2602 quoque
267 2526 362 2586 latere
385 2525 463 2586 inter
483 2525 533 2585 illa
552 2534 597 2587 tot
613 2523 728 2600 flagitia
748 2532 893 2601 putatote.
936 2522 1068 2586 Tametsi
1082 2523 1142 2585 hoc

122 2608 246 2684 quidem
260 2608 382 2669 minime
397 2611 476 2683 latet,
492 2609 576 2683 quod
588 2609 629 2670 ita
644 2617 817 2685 promptum
837 2615 867 2667 et
882 2607 1072 2685 propositum
1086 2614 1143 2681 est,

21 2724 27 2755 .·
121 2701 229 2754 utnon
247 2709 286 2753 ex
300 2693 358 2753 illis
370 2693 536 2766 maleficiis,
552 2707 631 2768 qrac
644 2691 675 2753 in
690 2693 741 2754 illo
754 2699 874 2752 constat
888 2707 969 2766 esse,
983 2691 1041 2751 hoc
1055 2689 1142 2751 intel·

122 2774 240 2852 ligetur,
256 2793 363 2837 verum
380 2793 419 2837 ex
434 2777 493 2837 hac
510 2776 609 2848 etiam,
623 2774 651 2836 si
669 2777 753 2852 quod
767 2774 886 2836 illorum
901 2777 978 2837 lorte
992 2770 1143 2833 dubiubi·

123 2870 178 2931 tur,
196 2859 403 2921 convincatur.
435 2860 512 2934 Quid
526 2861 664 2931 andana,
687 2874 820 2938 quaeso,
838 2857 978 2947 iudices?
1003 2872 1075 2916 aum
1089 2863 1142 2917 aut

121 2941 173 3003 ille
195 2943 305 3005 lanista
320 2943 517 3015 omninaiam
530 2960 548 3004 a
562 2942 664 3018 gladio
687 2932 859 3004 recessisse
877 2941 997 3003 videtur
1018 2947 1071 3001 aut
1084 2940 1141 3001 iste

108 3019 292 3102 'discipulus
311 3028 455 3103 magistro
483 3028 630 3089 tantulum
652 3028 690 3088 de
710 3035 774 3087 arte
794 3026 986 3087 concederet
1016 3023 1075 3086 Par
1095 3030 1141 3085 est

122 3109 256 3183 avaritia,
271 3109 378 3171 similis
393 3111 579 3187 improbitas,
592 3110 700 3172 eadem
709 3109 905 3185 impudentia,
918 3106 1038 3184 gemina
1048 3106 1140 3168 auda·

122 3190 179 3253 cia.
220 3194 294 3254 XLI.
315 3193 385 3257 119.
401 3194 534 3269 Etenim,
556 3194 699 3271 quoniam
713 3193 805 3254 fldem
820 3191 954 3269 magistri
965 3188 1140 3268 cognasds,

122 3277 300 3352 cognoscite
313 3295 394 3339 nunc
408 3279 550 3355 discipuli
563 3278 756 3356 aequitatem.
770 3277 839 3339 Dixi
858 3277 918 3338 iam
938 3285 1029 3337 antea
1047 3288 1143 3350 saepe

105 3374 238 3420 numero
246 3364 428 3433 postulatos
442 3381 516 3427 esse
531 3365 571 3427 ab
584 3362 655 3426 istis
667 3362 749 3425 duas
759 3361 919 3424 servosin
930 3358 1152 3451 quaestionem

87 3433 136 3494 ra
147 3454 288 3518 semper,
306 3446 339 3506 T·
349 3449 462 3528 Rosci,
477 3449 653 3516 recusasti.
688 3444 818 3526 Quaero
832 3446 895 3508 aas
905 3449 1032 3513 te,une
1045 3435 1102 3506 qui
1110 3447 1169 3504 qo·
