<?xml version="1.0" encoding="UTF-8"?>
<!DOCTYPE html PUBLIC "-//W3C//DTD XHTML 1.0 Transitional//EN"
    "http://www.w3.org/TR/xhtml1/DTD/xhtml1-transitional.dtd">
<html xmlns="http://www.w3.org/1999/xhtml" xml:lang="en" lang="en">
 <head>
  <title>
</title>
<meta http-equiv="Content-Type" content="text/html;charset=utf-8" />
  <meta name='ocr-system' content='tesseract 3.04.00' />
  <meta name='ocr-capabilities' content='ocr_page ocr_carea ocr_par ocr_line ocrx_word'/>
</head>
<body>
  <div class='ocr_page' id='page_1' title='image "./mtulliiciceroni85cicegoog/mtulliiciceroni85cicegoog_0042.png"; bbox 0 0 2370 3780; ppageno 0'>
   <div class='ocr_carea' id='block_1_1' title="bbox 366 181 1081 255">
    <p class='ocr_par' dir='ltr' id='par_1_1' title="bbox 366 181 1081 255">
     <span class='ocr_line' id='line_1_1' title="bbox 366 181 1081 255; baseline -0.007 -8"><span class='ocrx_word' id='word_1_1' title='bbox 366 181 702 255; x_wconf 40' lang='lat' dir='ltr'>orara-..tasto-</span> <span class='ocrx_word' id='word_1_2' title='bbox 711 194 787 251; x_wconf 77' lang='grc' dir='ltr'>ιι</span> <span class='ocrx_word' id='word_1_3' title='bbox 1039 187 1081 253; x_wconf 77' lang='lat' dir='ltr'>aa</span> 
     </span>
    </p>
   </div>
   <div class='ocr_carea' id='block_1_2' title="bbox 15 320 1147 3462">
    <p class='ocr_par' dir='ltr' id='par_1_2' title="bbox 52 320 1147 750">
     <span class='ocr_line' id='line_1_2' title="bbox 52 320 1147 439; baseline -0.002 -36"><span class='ocrx_word' id='word_1_4' title='bbox 52 349 88 403; x_wconf 92' lang='lat' dir='ltr'>ut</span> <span class='ocrx_word' id='word_1_5' title='bbox 102 338 220 401; x_wconf 80' lang='lat' dir='ltr'><strong>facilius</strong></span> <span class='ocrx_word' id='word_1_6' title='bbox 235 336 402 414; x_wconf 90' lang='lat' dir='ltr'>intelligere</span> <span class='ocrx_word' id='word_1_7' title='bbox 419 336 562 412; x_wconf 90' lang='lat' dir='ltr'>possitis,</span> <span class='ocrx_word' id='word_1_8' title='bbox 583 336 716 414; x_wconf 90' lang='lat' dir='ltr'>iudices,</span> <span class='ocrx_word' id='word_1_9' title='bbox 738 355 790 414; x_wconf 85' lang='lat' dir='ltr'>ea,</span> <span class='ocrx_word' id='word_1_10' title='bbox 797 339 984 436; x_wconf 84' lang='lat' dir='ltr'>quaefacta</span> <span class='ocrx_word' id='word_1_11' title='bbox 996 320 1147 439; x_wconf 79' lang='lat' dir='ltr'>sunt,</span> 
     </span>
     <span class='ocr_line' id='line_1_3' title="bbox 52 411 1080 500; baseline 0.001 -15"><span class='ocrx_word' id='word_1_12' title='bbox 52 424 226 500; x_wconf 79' lang='lat' dir='ltr'>indigniora</span> <span class='ocrx_word' id='word_1_13' title='bbox 246 439 333 496; x_wconf 86' lang='lat' dir='ltr'>esse,</span> <span class='ocrx_word' id='word_1_14' title='bbox 357 437 448 496; x_wconf 88' lang='lat' dir='ltr'>quam</span> <span class='ocrx_word' id='word_1_15' title='bbox 469 421 545 482; x_wconf 90' lang='lat' dir='ltr'>baec</span> <span class='ocrx_word' id='word_1_16' title='bbox 566 430 651 496; x_wconf 91' lang='lat' dir='ltr'>sunt,</span> <span class='ocrx_word' id='word_1_17' title='bbox 674 439 753 500; x_wconf 92' lang='lat' dir='ltr'>quae</span> <span class='ocrx_word' id='word_1_18' title='bbox 775 411 921 498; x_wconf 77' lang='lat' dir='ltr'>dicimus,</span> <span class='ocrx_word' id='word_1_19' title='bbox 942 423 1002 484; x_wconf 89' lang='lat' dir='ltr'>ab&#39;</span> <span class='ocrx_word' id='word_1_20' title='bbox 994 424 1080 486; x_wconf 89' lang='lat' dir='ltr'>mitio</span> 
     </span>
     <span class='ocr_line' id='line_1_4' title="bbox 52 503 1080 585; baseline 0 -17"><span class='ocrx_word' id='word_1_21' title='bbox 52 524 111 569; x_wconf 88' lang='lat' dir='ltr'>res</span> <span class='ocrx_word' id='word_1_22' title='bbox 123 507 378 584; x_wconf 84' lang='lat' dir='ltr'>quemadmodum</span> <span class='ocrx_word' id='word_1_23' title='bbox 392 512 479 579; x_wconf 82' lang='lat' dir='ltr'>gesta</span> <span class='ocrx_word' id='word_1_24' title='bbox 500 503 539 566; x_wconf 92' lang='lat' dir='ltr'>sit</span> <span class='ocrx_word' id='word_1_25' title='bbox 552 505 641 567; x_wconf 88' lang='lat' dir='ltr'>vobis</span> <span class='ocrx_word' id='word_1_26' title='bbox 656 522 862 583; x_wconf 87' lang='lat' dir='ltr'>exponemus,</span> <span class='ocrx_word' id='word_1_27' title='bbox 884 523 944 585; x_wconf 94' lang='lat' dir='ltr'>quo</span> <span class='ocrx_word' id='word_1_28' title='bbox 961 506 1080 568; x_wconf 78' lang='lat' dir='ltr'>facilius</span> 
     </span>
     <span class='ocr_line' id='line_1_5' title="bbox 53 588 1079 679; baseline -0.002 -27"><span class='ocrx_word' id='word_1_29' title='bbox 53 600 86 653; x_wconf 92' lang='lat' dir='ltr'>et</span> <span class='ocrx_word' id='word_1_30' title='bbox 96 590 186 652; x_wconf 91' lang='lat' dir='ltr'>huius</span> <span class='ocrx_word' id='word_1_31' title='bbox 196 588 345 679; x_wconf 82' lang='lat' dir='ltr'>hominis</span> <span class='ocrx_word' id='word_1_32' title='bbox 338 588 578 649; x_wconf 77' lang='lat' dir='ltr'>innocentissimi</span> <span class='ocrx_word' id='word_1_33' title='bbox 592 589 731 652; x_wconf 85' lang='lat' dir='ltr'>miserias</span> <span class='ocrx_word' id='word_1_34' title='bbox 747 598 777 650; x_wconf 92' lang='lat' dir='ltr'>et</span> <span class='ocrx_word' id='word_1_35' title='bbox 788 589 908 652; x_wconf 86' lang='lat' dir='ltr'>illorum</span> <span class='ocrx_word' id='word_1_36' title='bbox 921 590 1079 652; x_wconf 85' lang='lat' dir='ltr'>audaciam</span> 
     </span>
     <span class='ocr_line' id='line_1_6' title="bbox 53 671 873 750; baseline -0.002 -14"><span class='ocrx_word' id='word_1_37' title='bbox 53 689 243 750; x_wconf 79' lang='lat' dir='ltr'>cognoscere</span> <span class='ocrx_word' id='word_1_38' title='bbox 258 671 386 749; x_wconf 87' lang='lat' dir='ltr'>possitis</span> <span class='ocrx_word' id='word_1_39' title='bbox 400 680 431 733; x_wconf 91' lang='lat' dir='ltr'>et</span> <span class='ocrx_word' id='word_1_40' title='bbox 445 671 491 733; x_wconf 87' lang='lat' dir='ltr'>rei</span> <span class='ocrx_word' id='word_1_41' title='bbox 504 673 646 749; x_wconf 91' lang='lat' dir='ltr'>publicae</span> <span class='ocrx_word' id='word_1_42' title='bbox 664 672 873 736; x_wconf 87' lang='lat' dir='ltr'>calamitatem.</span> 
     </span>
    </p>

    <p class='ocr_par' dir='ltr' id='par_1_3' title="bbox 49 755 1080 1589">
     <span class='ocr_line' id='line_1_7' title="bbox 136 755 1079 834; baseline -0.001 -14"><span class='ocrx_word' id='word_1_43' title='bbox 136 760 188 820; x_wconf 93' lang='lat' dir='ltr'>Vl.</span> <span class='ocrx_word' id='word_1_44' title='bbox 211 756 261 820; x_wconf 86' lang='lat'>15.</span> <span class='ocrx_word' id='word_1_45' title='bbox 287 755 360 816; x_wconf 71' lang='lat' dir='ltr'>Sexi</span> <span class='ocrx_word' id='word_1_46' title='bbox 374 756 522 831; x_wconf 87' lang='lat' dir='ltr'>Roscius,</span> <span class='ocrx_word' id='word_1_47' title='bbox 547 767 634 832; x_wconf 89' lang='lat' dir='ltr'>pater</span> <span class='ocrx_word' id='word_1_48' title='bbox 649 756 794 833; x_wconf 91' lang='lat' dir='ltr'>huiusce,</span> <span class='ocrx_word' id='word_1_49' title='bbox 815 758 975 834; x_wconf 86' lang='lat' dir='ltr'>municeps</span> <span class='ocrx_word' id='word_1_50' title='bbox 989 758 1079 819; x_wconf 84' lang='lat' dir='ltr'>Ame-</span> 
     </span>
     <span class='ocr_line' id='line_1_8' title="bbox 52 837 1080 917; baseline 0 -14"><span class='ocrx_word' id='word_1_51' title='bbox 52 844 138 904; x_wconf 90' lang='lat' dir='ltr'>rinus</span> <span class='ocrx_word' id='word_1_52' title='bbox 153 841 208 902; x_wconf 92' lang='lat' dir='ltr'>fuit</span> <span class='ocrx_word' id='word_1_53' title='bbox 223 857 316 917; x_wconf 90' lang='lat' dir='ltr'>quum</span> <span class='ocrx_word' id='word_1_54' title='bbox 330 855 441 914; x_wconf 90' lang='lat' dir='ltr'>genere</span> <span class='ocrx_word' id='word_1_55' title='bbox 455 847 486 901; x_wconf 88' lang='lat' dir='ltr'>et</span> <span class='ocrx_word' id='word_1_56' title='bbox 499 839 653 902; x_wconf 88' lang='lat' dir='ltr'>nobilitate</span> <span class='ocrx_word' id='word_1_57' title='bbox 668 849 698 902; x_wconf 93' lang='lat' dir='ltr'>et</span> <span class='ocrx_word' id='word_1_58' title='bbox 711 843 841 917; x_wconf 88' lang='lat' dir='ltr'>pecunia</span> <span class='ocrx_word' id='word_1_59' title='bbox 855 859 915 904; x_wconf 91' lang='lat' dir='ltr'>non</span> <span class='ocrx_word' id='word_1_60' title='bbox 927 837 1019 903; x_wconf 84' lang='lat' dir='ltr'>modo</span> <span class='ocrx_word' id='word_1_61' title='bbox 1031 843 1080 903; x_wconf 89' lang='lat' dir='ltr'>sui</span> 
     </span>
     <span class='ocr_line' id='line_1_9' title="bbox 53 923 1079 1002; baseline -0.002 -16"><span class='ocrx_word' id='word_1_62' title='bbox 53 925 227 1000; x_wconf 90' lang='lat' dir='ltr'>municipii,</span> <span class='ocrx_word' id='word_1_63' title='bbox 249 940 355 985; x_wconf 89' lang='lat' dir='ltr'>verum</span> <span class='ocrx_word' id='word_1_64' title='bbox 376 923 466 985; x_wconf 90' lang='lat' dir='ltr'>etiam</span> <span class='ocrx_word' id='word_1_65' title='bbox 487 923 554 984; x_wconf 90' lang='lat' dir='ltr'>eius</span> <span class='ocrx_word' id='word_1_66' title='bbox 576 923 738 986; x_wconf 89' lang='lat' dir='ltr'>vicinitatis</span> <span class='ocrx_word' id='word_1_67' title='bbox 760 926 847 987; x_wconf 91' lang='lat' dir='ltr'>facile</span> <span class='ocrx_word' id='word_1_68' title='bbox 873 925 989 1002; x_wconf 88' lang='lat' dir='ltr'>primus</span> <span class='ocrx_word' id='word_1_69' title='bbox 1017 934 1079 987; x_wconf 89' lang='lat' dir='ltr'>tum</span> 
     </span>
     <span class='ocr_line' id='line_1_10' title="bbox 52 1006 1078 1087; baseline -0.001 -17"><span class='ocrx_word' id='word_1_70' title='bbox 52 1010 150 1087; x_wconf 86' lang='lat' dir='ltr'>gratia</span> <span class='ocrx_word' id='word_1_71' title='bbox 165 1017 257 1083; x_wconf 90' lang='lat' dir='ltr'>atque</span> <span class='ocrx_word' id='word_1_72' title='bbox 268 1006 408 1083; x_wconf 90' lang='lat' dir='ltr'>hospitiis</span> <span class='ocrx_word' id='word_1_73' title='bbox 423 1007 538 1070; x_wconf 89' lang='lat' dir='ltr'>florens</span> <span class='ocrx_word' id='word_1_74' title='bbox 552 1007 706 1069; x_wconf 90' lang='lat' dir='ltr'>hominum</span> <span class='ocrx_word' id='word_1_75' title='bbox 722 1008 988 1071; x_wconf 89' lang='lat' dir='ltr'>nobilissimorum.</span> <span class='ocrx_word' id='word_1_76' title='bbox 1003 1009 1078 1070; x_wconf 89' lang='lat' dir='ltr'>Nam</span> 
     </span>
     <span class='ocr_line' id='line_1_11' title="bbox 52 1089 1077 1166; baseline 0.002 -10"><span class='ocrx_word' id='word_1_77' title='bbox 52 1112 124 1156; x_wconf 91' lang='lat' dir='ltr'>cum</span> <span class='ocrx_word' id='word_1_78' title='bbox 137 1091 282 1166; x_wconf 80' lang='lat' dir='ltr'>Metellis,</span> <span class='ocrx_word' id='word_1_79' title='bbox 303 1089 454 1162; x_wconf 88' lang='lat' dir='ltr'>Serviliis,</span> <span class='ocrx_word' id='word_1_80' title='bbox 477 1090 672 1165; x_wconf 87' lang='lat' dir='ltr'>Scipionibus</span> <span class='ocrx_word' id='word_1_81' title='bbox 693 1100 758 1152; x_wconf 90' lang='lat' dir='ltr'>erat</span> <span class='ocrx_word' id='word_1_82' title='bbox 776 1092 805 1154; x_wconf 91' lang='lat' dir='ltr'>ei</span> <span class='ocrx_word' id='word_1_83' title='bbox 826 1111 887 1155; x_wconf 90' lang='lat' dir='ltr'>non</span> <span class='ocrx_word' id='word_1_84' title='bbox 907 1094 999 1155; x_wconf 92' lang='lat' dir='ltr'>modo</span> <span class='ocrx_word' id='word_1_85' title='bbox 1022 1093 1077 1158; x_wconf 85' lang='lat' dir='ltr'>ho·</span> 
     </span>
     <span class='ocr_line' id='line_1_12' title="bbox 51 1173 1077 1254; baseline -0.003 -14"><span class='ocrx_word' id='word_1_86' title='bbox 51 1179 193 1254; x_wconf 76' lang='lat' dir='ltr'>spinum,</span> <span class='ocrx_word' id='word_1_87' title='bbox 206 1191 311 1236; x_wconf 89' lang='lat' dir='ltr'>verum</span> <span class='ocrx_word' id='word_1_88' title='bbox 327 1174 417 1236; x_wconf 92' lang='lat' dir='ltr'>etiam</span> <span class='ocrx_word' id='word_1_89' title='bbox 432 1173 618 1236; x_wconf 90' lang='lat' dir='ltr'>domesticus</span> <span class='ocrx_word' id='word_1_90' title='bbox 632 1193 708 1237; x_wconf 91' lang='lat' dir='ltr'>usus</span> <span class='ocrx_word' id='word_1_91' title='bbox 723 1184 753 1237; x_wconf 91' lang='lat' dir='ltr'>et</span> <span class='ocrx_word' id='word_1_92' title='bbox 767 1178 973 1239; x_wconf 83' lang='lat' dir='ltr'>consuetudo:</span> <span class='ocrx_word' id='word_1_93' title='bbox 990 1194 1077 1252; x_wconf 90' lang='lat' dir='ltr'>quas,</span> 
     </span>
     <span class='ocr_line' id='line_1_13' title="bbox 50 1257 1079 1336; baseline -0.003 -13"><span class='ocrx_word' id='word_1_94' title='bbox 50 1271 86 1324; x_wconf 93' lang='lat' dir='ltr'>ut</span> <span class='ocrx_word' id='word_1_95' title='bbox 107 1277 239 1335; x_wconf 92' lang='lat' dir='ltr'>aequum</span> <span class='ocrx_word' id='word_1_96' title='bbox 261 1267 322 1332; x_wconf 91' lang='lat' dir='ltr'>est,</span> <span class='ocrx_word' id='word_1_97' title='bbox 351 1257 481 1319; x_wconf 80' lang='lat' dir='ltr'>familias</span> <span class='ocrx_word' id='word_1_98' title='bbox 502 1258 672 1322; x_wconf 90' lang='lat' dir='ltr'>honestatis</span> <span class='ocrx_word' id='word_1_99' title='bbox 692 1259 959 1336; x_wconf 79' lang='lat' dir='ltr'>amplitudinisque</span> <span class='ocrx_word' id='word_1_100' title='bbox 982 1260 1079 1335; x_wconf 85' lang='lat' dir='ltr'>gratia</span> 
     </span>
     <span class='ocr_line' id='line_1_14' title="bbox 51 1341 1077 1419; baseline -0.001 -14"><span class='ocrx_word' id='word_1_101' title='bbox 51 1343 187 1406; x_wconf 90' lang='lat' dir='ltr'>nomino.</span> <span class='ocrx_word' id='word_1_102' title='bbox 221 1345 327 1419; x_wconf 91' lang='lat' dir='ltr'>Itaque</span> <span class='ocrx_word' id='word_1_103' title='bbox 349 1359 389 1403; x_wconf 87' lang='lat' dir='ltr'>ex</span> <span class='ocrx_word' id='word_1_104' title='bbox 402 1341 468 1402; x_wconf 92' lang='lat' dir='ltr'>suis</span> <span class='ocrx_word' id='word_1_105' title='bbox 483 1342 624 1404; x_wconf 91' lang='lat' dir='ltr'>omnibus</span> <span class='ocrx_word' id='word_1_106' title='bbox 642 1342 809 1406; x_wconf 91' lang='lat' dir='ltr'>commodis</span> <span class='ocrx_word' id='word_1_107' title='bbox 828 1344 887 1406; x_wconf 92' lang='lat' dir='ltr'>hoc</span> <span class='ocrx_word' id='word_1_108' title='bbox 902 1346 1001 1405; x_wconf 91' lang='lat' dir='ltr'>solum</span> <span class='ocrx_word' id='word_1_109' title='bbox 1014 1344 1077 1404; x_wconf 89' lang='lat' dir='ltr'>lilio</span> 
     </span>
     <span class='ocr_line' id='line_1_15' title="bbox 49 1425 1078 1504; baseline 0 -16"><span class='ocrx_word' id='word_1_110' title='bbox 49 1427 189 1503; x_wconf 81' lang='lat' dir='ltr'>reliquit:</span> <span class='ocrx_word' id='word_1_111' title='bbox 210 1444 280 1487; x_wconf 90' lang='lat' dir='ltr'>nam</span> <span class='ocrx_word' id='word_1_112' title='bbox 302 1425 515 1502; x_wconf 87' lang='lat' dir='ltr'>patrimonium</span> <span class='ocrx_word' id='word_1_113' title='bbox 529 1427 688 1488; x_wconf 91' lang='lat' dir='ltr'>domestici</span> <span class='ocrx_word' id='word_1_114' title='bbox 704 1428 878 1504; x_wconf 88' lang='lat' dir='ltr'>praedones</span> <span class='ocrx_word' id='word_1_115' title='bbox 895 1427 926 1487; x_wconf 91' lang='lat' dir='ltr'>vi</span> <span class='ocrx_word' id='word_1_116' title='bbox 941 1435 1078 1503; x_wconf 89' lang='lat' dir='ltr'>ereptum</span> 
     </span>
     <span class='ocr_line' id='line_1_16' title="bbox 50 1509 1078 1589; baseline -0.004 -16"><span class='ocrx_word' id='word_1_117' title='bbox 50 1510 229 1589; x_wconf 90' lang='lat' dir='ltr'>possident,</span> <span class='ocrx_word' id='word_1_118' title='bbox 255 1513 335 1570; x_wconf 89' lang='lat' dir='ltr'>fama</span> <span class='ocrx_word' id='word_1_119' title='bbox 354 1518 384 1570; x_wconf 93' lang='lat' dir='ltr'>et</span> <span class='ocrx_word' id='word_1_120' title='bbox 401 1509 461 1569; x_wconf 86' lang='lat' dir='ltr'>vita</span> <span class='ocrx_word' id='word_1_121' title='bbox 482 1510 652 1572; x_wconf 91' lang='lat' dir='ltr'>innocentis</span> <span class='ocrx_word' id='word_1_122' title='bbox 668 1513 705 1572; x_wconf 90' lang='lat' dir='ltr'>ab</span> <span class='ocrx_word' id='word_1_123' title='bbox 722 1510 895 1586; x_wconf 87' lang='lat' dir='ltr'>hospitibus</span> <span class='ocrx_word' id='word_1_124' title='bbox 910 1510 1078 1586; x_wconf 88' lang='lat' dir='ltr'>amicisque</span> 
     </span>
    </p>

    <p class='ocr_par' dir='ltr' id='par_1_4' title="bbox 15 1584 1091 3430">
     <span class='ocr_line' id='line_1_17' title="bbox 15 1584 1077 1674; baseline -0.002 -17"><span class='ocrx_word' id='word_1_125' title='bbox 15 1584 23 1605; x_wconf 72' lang='lat'>⁶</span> <span class='ocrx_word' id='word_1_126' title='bbox 49 1595 187 1674; x_wconf 88' lang='lat' dir='ltr'>paternis</span> <span class='ocrx_word' id='word_1_127' title='bbox 208 1595 389 1656; x_wconf 88' lang='lat' dir='ltr'>defenditur.</span> <span class='ocrx_word' id='word_1_128' title='bbox 432 1592 482 1656; x_wconf 88' lang='grc'>16.</span> <span class='ocrx_word' id='word_1_129' title='bbox 507 1595 563 1655; x_wconf 91' lang='lat' dir='ltr'>Hic</span> <span class='ocrx_word' id='word_1_130' title='bbox 585 1612 678 1670; x_wconf 91' lang='lat' dir='ltr'>quum</span> <span class='ocrx_word' id='word_1_131' title='bbox 693 1595 924 1671; x_wconf 90' lang='lat' dir='ltr'>omnitempore</span> <span class='ocrx_word' id='word_1_132' title='bbox 939 1593 1077 1655; x_wconf 88' lang='lat' dir='ltr'>nobilita-</span> 
     </span>
     <span class='ocr_line' id='line_1_18' title="bbox 49 1676 1079 1755; baseline -0.004 -13"><span class='ocrx_word' id='word_1_133' title='bbox 49 1681 90 1742; x_wconf 86' lang='lat' dir='ltr'>tis</span> <span class='ocrx_word' id='word_1_134' title='bbox 106 1681 205 1740; x_wconf 84' lang='lat' dir='ltr'>fautor</span> <span class='ocrx_word' id='word_1_135' title='bbox 218 1678 341 1753; x_wconf 91' lang='lat' dir='ltr'>fuisset,</span> <span class='ocrx_word' id='word_1_136' title='bbox 362 1687 424 1738; x_wconf 90' lang='lat' dir='ltr'>tum</span> <span class='ocrx_word' id='word_1_137' title='bbox 439 1678 497 1738; x_wconf 92' lang='lat' dir='ltr'>hoc</span> <span class='ocrx_word' id='word_1_138' title='bbox 514 1680 641 1740; x_wconf 89' lang='lat' dir='ltr'>tumultu</span> <span class='ocrx_word' id='word_1_139' title='bbox 657 1678 813 1755; x_wconf 89' lang='lat' dir='ltr'>proximo,</span> <span class='ocrx_word' id='word_1_140' title='bbox 837 1697 931 1755; x_wconf 91' lang='lat' dir='ltr'>quum</span> <span class='ocrx_word' id='word_1_141' title='bbox 944 1676 1079 1739; x_wconf 91' lang='lat' dir='ltr'>omnium</span> 
     </span>
     <span class='ocr_line' id='line_1_19' title="bbox 51 1761 1077 1841; baseline -0.001 -17"><span class='ocrx_word' id='word_1_142' title='bbox 51 1763 197 1826; x_wconf 88' lang='lat' dir='ltr'>nobilium</span> <span class='ocrx_word' id='word_1_143' title='bbox 217 1761 347 1837; x_wconf 81' lang='lat' dir='ltr'>dignitas</span> <span class='ocrx_word' id='word_1_144' title='bbox 362 1769 392 1823; x_wconf 94' lang='lat' dir='ltr'>et</span> <span class='ocrx_word' id='word_1_145' title='bbox 406 1763 490 1822; x_wconf 90' lang='lat' dir='ltr'>salus</span> <span class='ocrx_word' id='word_1_146' title='bbox 504 1761 535 1822; x_wconf 93' lang='lat' dir='ltr'>in</span> <span class='ocrx_word' id='word_1_147' title='bbox 549 1762 710 1823; x_wconf 91' lang='lat' dir='ltr'>discrimen</span> <span class='ocrx_word' id='word_1_148' title='bbox 724 1762 856 1840; x_wconf 90' lang='lat' dir='ltr'>veniret,</span> <span class='ocrx_word' id='word_1_149' title='bbox 875 1770 996 1841; x_wconf 90' lang='lat' dir='ltr'>praeter</span> <span class='ocrx_word' id='word_1_150' title='bbox 1008 1778 1077 1823; x_wconf 88' lang='lat' dir='ltr'>cae-</span> 
     </span>
     <span class='ocr_line' id='line_1_20' title="bbox 49 1845 1076 1923; baseline -0.003 -14"><span class='ocrx_word' id='word_1_151' title='bbox 49 1859 135 1909; x_wconf 89' lang='lat' dir='ltr'>teros</span> <span class='ocrx_word' id='word_1_152' title='bbox 148 1847 179 1908; x_wconf 92' lang='lat' dir='ltr'>in</span> <span class='ocrx_word' id='word_1_153' title='bbox 194 1864 231 1907; x_wconf 92' lang='lat' dir='ltr'>ea</span> <span class='ocrx_word' id='word_1_154' title='bbox 246 1845 397 1906; x_wconf 88' lang='lat' dir='ltr'>vicinitate</span> <span class='ocrx_word' id='word_1_155' title='bbox 413 1861 479 1905; x_wconf 90' lang='lat' dir='ltr'>eam</span> <span class='ocrx_word' id='word_1_156' title='bbox 495 1854 613 1921; x_wconf 88' lang='lat' dir='ltr'>partem</span> <span class='ocrx_word' id='word_1_157' title='bbox 628 1863 814 1922; x_wconf 88' lang='lat' dir='ltr'>causamque</span> <span class='ocrx_word' id='word_1_158' title='bbox 832 1863 942 1923; x_wconf 87' lang='lat' dir='ltr'>opera,</span> <span class='ocrx_word' id='word_1_159' title='bbox 965 1845 1076 1919; x_wconf 89' lang='lat' dir='ltr'>studio,</span> 
     </span>
     <span class='ocr_line' id='line_1_21' title="bbox 52 1929 1075 2007; baseline -0.001 -15"><span class='ocrx_word' id='word_1_160' title='bbox 52 1931 231 1993; x_wconf 88' lang='lat' dir='ltr'>auctoritate</span> <span class='ocrx_word' id='word_1_161' title='bbox 251 1929 396 1990; x_wconf 83' lang='lat' dir='ltr'>defendit.</span> <span class='ocrx_word' id='word_1_162' title='bbox 424 1929 541 1990; x_wconf 88' lang='lat' dir='ltr'>Etenim</span> <span class='ocrx_word' id='word_1_163' title='bbox 561 1939 677 1991; x_wconf 91' lang='lat' dir='ltr'>rectum</span> <span class='ocrx_word' id='word_1_164' title='bbox 691 1932 817 2007; x_wconf 90' lang='lat' dir='ltr'>putabat</span> <span class='ocrx_word' id='word_1_165' title='bbox 830 1948 886 2006; x_wconf 89' lang='lat' dir='ltr'>pro</span> <span class='ocrx_word' id='word_1_166' title='bbox 903 1947 1009 1995; x_wconf 87' lang='lat' dir='ltr'>eorum</span> <span class='ocrx_word' id='word_1_167' title='bbox 1021 1930 1075 1991; x_wconf 93' lang='lat' dir='ltr'>ho-</span> 
     </span>
     <span class='ocr_line' id='line_1_22' title="bbox 51 2012 1077 2090; baseline -0.004 -14"><span class='ocrx_word' id='word_1_168' title='bbox 51 2023 170 2076; x_wconf 87' lang='lat' dir='ltr'>nestate</span> <span class='ocrx_word' id='word_1_169' title='bbox 191 2031 225 2074; x_wconf 93' lang='lat' dir='ltr'>se</span> <span class='ocrx_word' id='word_1_170' title='bbox 246 2030 399 2089; x_wconf 85' lang='lat' dir='ltr'>pugnare,</span> <span class='ocrx_word' id='word_1_171' title='bbox 419 2022 544 2088; x_wconf 88' lang='lat' dir='ltr'>propter</span> <span class='ocrx_word' id='word_1_172' title='bbox 560 2031 640 2089; x_wconf 92' lang='lat' dir='ltr'>quos</span> <span class='ocrx_word' id='word_1_173' title='bbox 662 2014 730 2090; x_wconf 90' lang='lat' dir='ltr'>ipse</span> <span class='ocrx_word' id='word_1_174' title='bbox 750 2014 984 2075; x_wconf 90' lang='lat' dir='ltr'>honestissimus</span> <span class='ocrx_word' id='word_1_175' title='bbox 999 2012 1077 2074; x_wconf 90' lang='lat' dir='ltr'>inter</span> 
     </span>
     <span class='ocr_line' id='line_1_23' title="bbox 53 2096 1075 2173; baseline -0.003 -13"><span class='ocrx_word' id='word_1_176' title='bbox 53 2116 129 2160; x_wconf 93' lang='lat' dir='ltr'>suos</span> <span class='ocrx_word' id='word_1_177' title='bbox 149 2098 372 2158; x_wconf 85' lang='lat' dir='ltr'>numerabatur.</span> <span class='ocrx_word' id='word_1_178' title='bbox 421 2097 627 2173; x_wconf 87' lang='lat' dir='ltr'>Posteaquam·</span> <span class='ocrx_word' id='word_1_179' title='bbox 642 2096 773 2160; x_wconf 88' lang='lat' dir='ltr'>victoria&#39;</span> <span class='ocrx_word' id='word_1_180' title='bbox 789 2097 953 2159; x_wconf 89' lang='lat' dir='ltr'>constituta</span> <span class='ocrx_word' id='word_1_181' title='bbox 972 2105 1020 2158; x_wconf 92' lang='lat' dir='ltr'>est</span> <span class='ocrx_word' id='word_1_182' title='bbox 1037 2098 1075 2157; x_wconf 91' lang='lat' dir='ltr'>ab</span> 
     </span>
     <span class='ocr_line' id='line_1_24' title="bbox 52 2179 1077 2257; baseline -0.002 -15"><span class='ocrx_word' id='word_1_183' title='bbox 52 2183 207 2256; x_wconf 92' lang='lat' dir='ltr'>armisque</span> <span class='ocrx_word' id='word_1_184' title='bbox 226 2179 426 2254; x_wconf 91' lang='lat' dir='ltr'>recessimus,</span> <span class='ocrx_word' id='word_1_185' title='bbox 449 2199 541 2255; x_wconf 90' lang='lat' dir='ltr'>quum</span> <span class='ocrx_word' id='word_1_186' title='bbox 556 2182 817 2257; x_wconf 89' lang='lat' dir='ltr'>proscriberentur</span> <span class='ocrx_word' id='word_1_187' title='bbox 830 2181 969 2243; x_wconf 90' lang='lat' dir='ltr'>homines</span> <span class='ocrx_word' id='word_1_188' title='bbox 985 2189 1077 2256; x_wconf 92' lang='lat' dir='ltr'>atque</span> 
     </span>
     <span class='ocr_line' id='line_1_25' title="bbox 52 2262 1076 2342; baseline -0.003 -15"><span class='ocrx_word' id='word_1_189' title='bbox 52 2283 92 2327; x_wconf 85' lang='lat' dir='ltr'>ex</span> <span class='ocrx_word' id='word_1_190' title='bbox 114 2262 195 2326; x_wconf 90' lang='lat' dir='ltr'>omni</span> <span class='ocrx_word' id='word_1_191' title='bbox 214 2263 338 2340; x_wconf 87' lang='lat' dir='ltr'>regione</span> <span class='ocrx_word' id='word_1_192' title='bbox 359 2272 539 2338; x_wconf 88' lang='lat' dir='ltr'>caperentur</span> <span class='ocrx_word' id='word_1_193' title='bbox 560 2264 596 2339; x_wconf 86' lang='lat' dir='ltr'>ii,</span> <span class='ocrx_word' id='word_1_194' title='bbox 622 2265 674 2342; x_wconf 89' lang='lat' dir='ltr'>qui</span> <span class='ocrx_word' id='word_1_195' title='bbox 689 2265 857 2326; x_wconf 80' lang='lat' dir='ltr'>adversarii</span> <span class='ocrx_word' id='word_1_196' title='bbox 880 2265 975 2326; x_wconf 90' lang='lat' dir='ltr'>fuisse</span> <span class='ocrx_word' id='word_1_197' title='bbox 988 2273 1076 2340; x_wconf 89' lang='lat' dir='ltr'>puta-</span> 
     </span>
     <span class='ocr_line' id='line_1_26' title="bbox 51 2347 1076 2423; baseline -0.003 -13"><span class='ocrx_word' id='word_1_198' title='bbox 51 2352 175 2422; x_wconf 86' lang='lat' dir='ltr'>bantur,</span> <span class='ocrx_word' id='word_1_199' title='bbox 195 2357 259 2408; x_wconf 91' lang='lat' dir='ltr'>erat</span> <span class='ocrx_word' id='word_1_200' title='bbox 273 2347 323 2408; x_wconf 94' lang='lat' dir='ltr'>ille</span> <span class='ocrx_word' id='word_1_201' title='bbox 336 2349 451 2408; x_wconf 87' lang='lat' dir='ltr'>Romae</span> <span class='ocrx_word' id='word_1_202' title='bbox 466 2349 626 2423; x_wconf 84' lang='lat' dir='ltr'>frequens,</span> <span class='ocrx_word' id='word_1_203' title='bbox 649 2349 680 2408; x_wconf 91' lang='lat' dir='ltr'>in</span> <span class='ocrx_word' id='word_1_204' title='bbox 698 2351 764 2409; x_wconf 91' lang='lat' dir='ltr'>foro</span> <span class='ocrx_word' id='word_1_205' title='bbox 781 2359 810 2410; x_wconf 92' lang='lat' dir='ltr'>et</span> <span class='ocrx_word' id='word_1_206' title='bbox 826 2349 925 2411; x_wconf 83' lang='lat' dir='ltr'>inore</span> <span class='ocrx_word' id='word_1_207' title='bbox 944 2349 1076 2409; x_wconf 90' lang='lat' dir='ltr'>omnium</span> 
     </span>
     <span class='ocr_line' id='line_1_27' title="bbox 54 2431 1075 2508; baseline -0.004 -14"><span class='ocrx_word' id='word_1_208' title='bbox 54 2432 165 2494; x_wconf 91' lang='lat' dir='ltr'>cotidie</span> <span class='ocrx_word' id='word_1_209' title='bbox 182 2432 373 2504; x_wconf 90' lang='lat' dir='ltr'>versabatur,</span> <span class='ocrx_word' id='word_1_210' title='bbox 388 2431 484 2507; x_wconf 89' lang='lat' dir='ltr'>magis</span> <span class='ocrx_word' id='word_1_211' title='bbox 499 2442 532 2493; x_wconf 89' lang='lat' dir='ltr'>ut</span> <span class='ocrx_word' id='word_1_212' title='bbox 546 2435 698 2494; x_wconf 86' lang='lat' dir='ltr'>exsultare</span> <span class='ocrx_word' id='word_1_213' title='bbox 713 2432 839 2493; x_wconf 91' lang='lat' dir='ltr'>victoria</span> <span class='ocrx_word' id='word_1_214' title='bbox 853 2432 1017 2508; x_wconf 87' lang='lat' dir='ltr'>nobilitatis</span> <span class='ocrx_word' id='word_1_215' title='bbox 1033 2431 1075 2490; x_wconf 86' lang='lat' dir='ltr'>vi-</span> 
     </span>
     <span class='ocr_line' id='line_1_28' title="bbox 53 2514 1075 2591; baseline -0.005 -14"><span class='ocrx_word' id='word_1_216' title='bbox 53 2518 175 2577; x_wconf 89' lang='lat' dir='ltr'>deretur</span> <span class='ocrx_word' id='word_1_217' title='bbox 190 2532 280 2591; x_wconf 91' lang='lat' dir='ltr'>quam</span> <span class='ocrx_word' id='word_1_218' title='bbox 293 2514 399 2576; x_wconf 90' lang='lat' dir='ltr'>timere</span> <span class='ocrx_word' id='word_1_219' title='bbox 413 2515 537 2589; x_wconf 92' lang='lat' dir='ltr'>nequid</span> <span class='ocrx_word' id='word_1_220' title='bbox 552 2533 591 2576; x_wconf 91' lang='lat' dir='ltr'>ex</span> <span class='ocrx_word' id='word_1_221' title='bbox 605 2533 642 2576; x_wconf 92' lang='lat' dir='ltr'>ea</span> <span class='ocrx_word' id='word_1_222' title='bbox 656 2515 832 2579; x_wconf 83' lang='lat' dir='ltr'>calamitatis</span> <span class='ocrx_word' id='word_1_223' title='bbox 841 2517 903 2578; x_wconf 86' lang='lat' dir='ltr'>sibi</span> <span class='ocrx_word' id='word_1_224' title='bbox 915 2516 1075 2576; x_wconf 89' lang='lat' dir='ltr'>accideret.</span> 
     </span>
     <span class='ocr_line' id='line_1_29' title="bbox 53 2597 1073 2663; baseline -0.007 0"><span class='ocrx_word' id='word_1_225' title='bbox 53 2599 103 2663; x_wconf 83' lang='lat'>17.</span> <span class='ocrx_word' id='word_1_226' title='bbox 124 2600 217 2659; x_wconf 86' lang='lat' dir='ltr'>Erant</span> <span class='ocrx_word' id='word_1_227' title='bbox 237 2597 265 2658; x_wconf 90' lang='lat' dir='ltr'>ei</span> <span class='ocrx_word' id='word_1_228' title='bbox 277 2608 397 2660; x_wconf 91' lang='lat' dir='ltr'>veteres</span> <span class='ocrx_word' id='word_1_229' title='bbox 411 2598 585 2659; x_wconf 89' lang='lat' dir='ltr'>inimicitiae</span> <span class='ocrx_word' id='word_1_230' title='bbox 602 2616 670 2660; x_wconf 93' lang='lat' dir='ltr'>cum</span> <span class='ocrx_word' id='word_1_231' title='bbox 683 2601 805 2661; x_wconf 51' lang='lat' dir='ltr'>&gt;duobus</span> <span class='ocrx_word' id='word_1_232' title='bbox 819 2599 941 2661; x_wconf 87' lang='lat' dir='ltr'>Rosciis</span> <span class='ocrx_word' id='word_1_233' title='bbox 956 2597 1073 2658; x_wconf 88' lang='lat' dir='ltr'>Ameri-</span> 
     </span>
     <span class='ocr_line' id='line_1_30' title="bbox 52 2683 1075 2778; baseline -0.002 -34"><span class='ocrx_word' id='word_1_234' title='bbox 52 2684 116 2758; x_wconf 91' lang='lat' dir='ltr'>nis,</span> <span class='ocrx_word' id='word_1_235' title='bbox 135 2699 264 2778; x_wconf 81' lang='lat' dir='ltr'>quorum</span> <span class='ocrx_word' id='word_1_236' title='bbox 278 2684 404 2744; x_wconf 89' lang='lat' dir='ltr'>alterum</span> <span class='ocrx_word' id='word_1_237' title='bbox 416 2683 524 2742; x_wconf 89' lang='lat' dir='ltr'>sedere</span> <span class='ocrx_word' id='word_1_238' title='bbox 539 2683 569 2742; x_wconf 92' lang='lat' dir='ltr'>in</span> <span class='ocrx_word' id='word_1_239' title='bbox 584 2693 796 2745; x_wconf 87' lang='lat' dir='ltr'>accusatorum</span> <span class='ocrx_word' id='word_1_240' title='bbox 811 2683 963 2745; x_wconf 91' lang='lat' dir='ltr'>subselliis</span> <span class='ocrx_word' id='word_1_241' title='bbox 973 2683 1075 2756; x_wconf 88' lang='lat' dir='ltr'>video,</span> 
     </span>
     <span class='ocr_line' id='line_1_31' title="bbox 53 2764 1074 2842; baseline -0.002 -15"><span class='ocrx_word' id='word_1_242' title='bbox 53 2770 180 2829; x_wconf 88' lang='lat' dir='ltr'>alterum</span> <span class='ocrx_word' id='word_1_243' title='bbox 197 2765 253 2828; x_wconf 86' lang='lat' dir='ltr'>tria</span> <span class='ocrx_word' id='word_1_244' title='bbox 273 2765 401 2827; x_wconf 90' lang='lat' dir='ltr'>huiusce</span> <span class='ocrx_word' id='word_1_245' title='bbox 421 2765 546 2841; x_wconf 90' lang='lat' dir='ltr'>praedia</span> <span class='ocrx_word' id='word_1_246' title='bbox 567 2767 729 2842; x_wconf 91' lang='lat' dir='ltr'>possidere</span> <span class='ocrx_word' id='word_1_247' title='bbox 751 2767 859 2830; x_wconf 92' lang='lat' dir='ltr'>audio·</span> <span class='ocrx_word' id='word_1_248' title='bbox 887 2783 963 2842; x_wconf 91' lang='lat' dir='ltr'>quas</span> <span class='ocrx_word' id='word_1_249' title='bbox 978 2764 1074 2825; x_wconf 88' lang='lat' dir='ltr'>inimi-</span> 
     </span>
     <span class='ocr_line' id='line_1_32' title="bbox 53 2849 1074 2947; baseline -0.001 -36"><span class='ocrx_word' id='word_1_250' title='bbox 53 2851 139 2912; x_wconf 89' lang='lat' dir='ltr'>citias</span> <span class='ocrx_word' id='word_1_251' title='bbox 160 2849 263 2911; x_wconf 91' lang='lat' dir='ltr'>sitam</span> <span class='ocrx_word' id='word_1_252' title='bbox 280 2865 387 2911; x_wconf 90' lang='lat' dir='ltr'>cavere</span> <span class='ocrx_word' id='word_1_253' title='bbox 402 2850 567 2947; x_wconf 82' lang='lat' dir='ltr'>potuisset,</span> <span class='ocrx_word' id='word_1_254' title='bbox 583 2867 673 2925; x_wconf 88' lang='lat' dir='ltr'>quarn</span> <span class='ocrx_word' id='word_1_255' title='bbox 689 2860 823 2913; x_wconf 87' lang='lat' dir='ltr'>metuere</span> <span class='ocrx_word' id='word_1_256' title='bbox 839 2851 970 2924; x_wconf 88' lang='lat' dir='ltr'>solebat,</span> <span class='ocrx_word' id='word_1_257' title='bbox 990 2849 1074 2910; x_wconf 91' lang='lat' dir='ltr'>vive·</span> 
     </span>
     <span class='ocr_line' id='line_1_33' title="bbox 50 2922 1074 3009; baseline 0 -15"><span class='ocrx_word' id='word_1_258' title='bbox 50 2944 106 2995; x_wconf 88' lang='lat' dir='ltr'>ret.</span> <span class='ocrx_word' id='word_1_259' title='bbox 133 2935 240 3009; x_wconf 90' lang='lat' dir='ltr'>Neque</span> <span class='ocrx_word' id='word_1_260' title='bbox 259 2932 353 3007; x_wconf 91' lang='lat' dir='ltr'>enim,</span> <span class='ocrx_word' id='word_1_261' title='bbox 374 2922 507 3006; x_wconf 90' lang='lat' dir='ltr'>iudices,</span> <span class='ocrx_word' id='word_1_262' title='bbox 527 2933 635 2994; x_wconf 89' lang='lat' dir='ltr'>iniuria</span> <span class='ocrx_word' id='word_1_263' title='bbox 654 2937 815 2997; x_wconf 89' lang='lat' dir='ltr'>metuebat.</span> <span class='ocrx_word' id='word_1_264' title='bbox 847 2935 922 2994; x_wconf 90' lang='lat' dir='ltr'>Nam</span> <span class='ocrx_word' id='word_1_265' title='bbox 942 2935 1003 2994; x_wconf 93' lang='lat' dir='ltr'>duo</span> <span class='ocrx_word' id='word_1_266' title='bbox 1024 2933 1074 2994; x_wconf 90' lang='lat' dir='ltr'>isti</span> 
     </span>
     <span class='ocr_line' id='line_1_34' title="bbox 52 3015 1073 3094; baseline -0.002 -15"><span class='ocrx_word' id='word_1_267' title='bbox 52 3018 172 3079; x_wconf 90' lang='lat' dir='ltr'>suntT.</span> <span class='ocrx_word' id='word_1_268' title='bbox 187 3015 309 3089; x_wconf 88' lang='lat' dir='ltr'>Roscii,</span> <span class='ocrx_word' id='word_1_269' title='bbox 330 3034 458 3093; x_wconf 89' lang='lat' dir='ltr'>quorum</span> <span class='ocrx_word' id='word_1_270' title='bbox 478 3017 563 3077; x_wconf 92' lang='lat' dir='ltr'>alteri</span> <span class='ocrx_word' id='word_1_271' title='bbox 579 3017 715 3093; x_wconf 87' lang='lat' dir='ltr'>Capitoni</span> <span class='ocrx_word' id='word_1_272' title='bbox 732 3034 901 3094; x_wconf 88' lang='lat' dir='ltr'>cognomen</span> <span class='ocrx_word' id='word_1_273' title='bbox 923 3026 985 3091; x_wconf 90' lang='lat' dir='ltr'>est,</span> <span class='ocrx_word' id='word_1_274' title='bbox 1005 3016 1073 3088; x_wconf 85' lang='lat' dir='ltr'>iste,</span> 
     </span>
     <span class='ocr_line' id='line_1_35' title="bbox 52 3100 1074 3178; baseline -0.002 -15"><span class='ocrx_word' id='word_1_275' title='bbox 52 3121 104 3178; x_wconf 90' lang='lat' dir='ltr'>qur</span> <span class='ocrx_word' id='word_1_276' title='bbox 96 3101 222 3171; x_wconf 90' lang='lat' dir='ltr'>&#39;,adest</span> <span class='ocrx_word' id='word_1_277' title='bbox 236 3100 364 3174; x_wconf 89' lang='lat' dir='ltr'>Magnus</span> <span class='ocrx_word' id='word_1_278' title='bbox 380 3101 672 3175; x_wconf 88' lang='lat' dir='ltr'>vocatur‚homiries</span> <span class='ocrx_word' id='word_1_279' title='bbox 690 3101 868 3163; x_wconf 83' lang='lat' dir='ltr'>eiusmodi:</span> <span class='ocrx_word' id='word_1_280' title='bbox 885 3102 959 3162; x_wconf 87' lang='lat' dir='ltr'>alter</span> <span class='ocrx_word' id='word_1_281' title='bbox 982 3101 1074 3178; x_wconf 91' lang='lat' dir='ltr'>pluri-</span> 
     </span>
     <span class='ocr_line' id='line_1_36' title="bbox 50 3174 1072 3282; baseline -0.001 -36"><span class='ocrx_word' id='word_1_282' title='bbox 50 3202 167 3246; x_wconf 89' lang='lat' dir='ltr'>marum</span> <span class='ocrx_word' id='word_1_283' title='bbox 181 3174 347 3259; x_wconf 87' lang='lat' dir='ltr'>p&#39;abnarum</span> <span class='ocrx_word' id='word_1_284' title='bbox 360 3193 448 3245; x_wconf 89' lang='lat' dir='ltr'>vetus</span> <span class='ocrx_word' id='word_1_285' title='bbox 460 3201 497 3245; x_wconf 88' lang='lat' dir='ltr'>ac</span> <span class='ocrx_word' id='word_1_286' title='bbox 511 3184 621 3246; x_wconf 91' lang='lat' dir='ltr'>nobilis</span> <span class='ocrx_word' id='word_1_287' title='bbox 634 3186 785 3282; x_wconf 87' lang='lat' dir='ltr'>gladiator</span> <span class='ocrx_word' id='word_1_288' title='bbox 795 3185 935 3257; x_wconf 89' lang='lat' dir='ltr'>habetur,</span> <span class='ocrx_word' id='word_1_289' title='bbox 954 3184 1004 3245; x_wconf 92' lang='lat' dir='ltr'>hic</span> <span class='ocrx_word' id='word_1_290' title='bbox 1020 3202 1072 3245; x_wconf 91' lang='lat' dir='ltr'>au-</span> 
     </span>
     <span class='ocr_line' id='line_1_37' title="bbox 50 3266 1076 3345; baseline -0.009 -14"><span class='ocrx_word' id='word_1_291' title='bbox 50 3278 111 3331; x_wconf 94' lang='lat' dir='ltr'>tem</span> <span class='ocrx_word' id='word_1_292' title='bbox 121 3284 220 3344; x_wconf 90' lang='lat' dir='ltr'>nuper</span> <span class='ocrx_word' id='word_1_293' title='bbox 232 3283 266 3328; x_wconf 91' lang='lat' dir='ltr'>se</span> <span class='ocrx_word' id='word_1_294' title='bbox 277 3266 316 3327; x_wconf 89' lang='lat' dir='ltr'>ad</span> <span class='ocrx_word' id='word_1_295' title='bbox 331 3283 399 3328; x_wconf 92' lang='lat' dir='ltr'>eum</span> <span class='ocrx_word' id='word_1_296' title='bbox 416 3267 554 3328; x_wconf 89' lang='lat' dir='ltr'>lanistam</span> <span class='ocrx_word' id='word_1_297' title='bbox 572 3268 711 3330; x_wconf 81' lang='lat' dir='ltr'>contulit:</span> <span class='ocrx_word' id='word_1_298' title='bbox 736 3268 787 3344; x_wconf 93' lang='lat' dir='ltr'>qui</span> <span class='ocrx_word' id='word_1_299' title='bbox 803 3287 894 3345; x_wconf 88' lang='lat' dir='ltr'>quum</span> <span class='ocrx_word' id='word_1_300' title='bbox 910 3277 979 3328; x_wconf 88' lang='lat' dir='ltr'>ante</span> <span class='ocrx_word' id='word_1_301' title='bbox 996 3269 1076 3325; x_wconf 82' lang='lat' dir='ltr'>nanc</span> 
     </span>
     <span class='ocr_line' id='line_1_38' title="bbox 50 3349 1104 3462; baseline -0.012 -48"><span class='ocrx_word' id='word_1_302' title='bbox 50 3369 183 3428; x_wconf 91' lang='lat' dir='ltr'>pugnam</span> <span class='ocrx_word' id='word_1_303' title='bbox 197 3351 254 3413; x_wconf 93' lang='lat' dir='ltr'>tiro</span> <span class='ocrx_word' id='word_1_304' title='bbox 270 3359 367 3426; x_wconf 89' lang='lat' dir='ltr'>esset,</span> <span class='ocrx_word' id='word_1_305' title='bbox 384 3353 466 3429; x_wconf 92' lang='lat' dir='ltr'>quod</span> <span class='ocrx_word' id='word_1_306' title='bbox 480 3352 593 3430; x_wconf 89' lang='lat' dir='ltr'>sciam,</span> <span class='ocrx_word' id='word_1_307' title='bbox 612 3349 1104 3462; x_wconf 61' lang='lat' dir='ltr'>lacileipsurnmag&#39;xstmmsss·</span> 
     </span>
    </p>
   </div>
   <div class='ocr_carea' id='block_1_3' title="bbox 39 3413 1135 3580">
    <p class='ocr_par' dir='ltr' id='par_1_5' title="bbox 39 3413 1135 3580">
     <span class='ocr_line' id='line_1_39' title="bbox 39 3413 1135 3580; baseline -0.049 -60"><span class='ocrx_word' id='word_1_308' title='bbox 39 3434 312 3580; x_wconf 58' lang='grc' dir='ltr'>ἰιιιιιιιιιιιι</span> <span class='ocrx_word' id='word_1_309' title='bbox 326 3438 498 3517; x_wconf 75' lang='lat' dir='ltr'>superavit.</span> <span class='ocrx_word' id='word_1_310' title='bbox 518 3442 591 3506; x_wconf 83' lang='grc' dir='ltr'>ιιι.</span> <span class='ocrx_word' id='word_1_311' title='bbox 606 3440 663 3509; x_wconf 82' lang='lat' dir='ltr'>m</span> <span class='ocrx_word' id='word_1_312' title='bbox 680 3439 771 3504; x_wconf 70' lang='lat' dir='ltr'>uun</span> <span class='ocrx_word' id='word_1_313' title='bbox 784 3423 1056 3570; x_wconf 33' lang='lat' dir='ltr'>quanqam</span> <span class='ocrx_word' id='word_1_314' title='bbox 1059 3413 1135 3462; x_wconf 61' lang='lat' dir='ltr'>ss-</span> 
     </span>
    </p>
   </div>
   <div class='ocr_carea' id='block_1_4' title="bbox 0 0 1190 3780">
    <p class='ocr_par' dir='ltr' id='par_1_6' title="bbox 0 0 1190 3780">
     <span class='ocr_line' id='line_1_40' title="bbox 0 0 1190 3780; baseline 0 0"><span class='ocrx_word' id='word_1_315' title='bbox 0 0 1190 3780; x_wconf 95' lang='lat' dir='ltr'> </span> 
     </span>
    </p>
   </div>
  </div>
 </body>
</html>
