2370 3780
355 210 438 272 cAP.
454 215 585 271 15-17.
607 214 632 276 §-
645 215 778 271 ‹te-55.
1064 210 1104 275 15

78 371 149 427 sunt
168 363 197 423 in
219 380 290 436 eos,
305 361 358 437 qui
381 363 530 438 permulta
548 362 627 421 male
646 361 758 437 agendi
772 376 867 421 causa
881 361 1104 439 fraudandique

78 451 234 510 lecerunt?
266 444 317 509 53.
343 445 376 506 Si
397 444 572 520 dupondius
595 454 666 506 tuus
681 453 835 521 ageretur,
857 444 928 505 Sex.
943 446 1053 519 Naevi,
1077 448 1103 508 si

77 533 109 592 in
129 534 257 608 parvula
276 547 310 591 re
331 529 482 604 captionis
501 528 617 604 aliquid
634 546 791 604 vererere,
813 546 874 589 non
895 530 995 611 statim
1016 533 1055 591 ad
1070 532 1101 592 C.

75 617 232 691 Aquilium
256 623 308 675 aut
329 615 367 672 ad
383 630 488 674 eorum
502 613 650 689 aliquem,
668 614 721 690 qui
740 616 952 688 consuluntur,
975 630 1102 675 coneur-

76 700 194 761 rissest
222 699 318 773 Quum
335 698 382 758 ius
398 698 562 771 amicitiae,
581 699 752 769 societatis,
771 697 934 758 adfinitatis
953 708 1102 774 ageretur,

77 802 171 859 quum
192 783 287 845 ollicii
307 781 455 842 rationem
471 792 563 857 atque
584 782 815 843 existimationis
830 781 901 841 duci
916 783 1103 857 conveniret,

31 937 36 953 ⁹
75 885 113 929 eo
128 876 267 942 tempore
287 875 320 926 tu
341 881 401 926 nou
423 867 515 928 modo
530 883 591 927 non
606 868 647 925 ad
662 867 693 926 C.
708 864 862 940 Aquilium
876 874 929 925 aut
942 866 982 925 ad
994 867 1028 930 L.
1042 867 1101 928 Lu-

74 951 177 1012 cilium
194 949 346 1022 rettuIIsti,
369 951 426 1010 sed
441 967 479 1010 ne
493 950 561 1024 ipse
574 950 697 1024 quidem
716 958 746 1010 te
768 949 964 1010 consuluisti:
988 967 1026 1010 ne
1042 953 1101 1012 hoc

76 1036 200 1111 quidem
211 1043 309 1094 tecum
323 1036 445 1095 locutus
457 1051 507 1094 esa
528 1034 630 1094 Horae
644 1034 724 1094 duae
739 1034 874 1094 luerunt=
891 1033 1047 1107 Quinctius
1061 1037 1101 1095 ad

40 1165 54 1183 ,
75 1119 281 1178 vadimonium
293 1135 352 1179 non
372 1118 463 1178 venit.
486 1117 564 1191 Quid
579 1124 656 1192 agot
678 1117 711 1177 Si
725 1117 898 1178 mehercule
909 1118 986 1179 haec
1001 1127 1101 1180 tecum
1120 1144 1126 1159 ¹

74 1204 137 1263 duo
157 1204 250 1262 verba
266 1204 408 1263 fecisses:
438 1201 517 1274 Quid
537 1208 618 1275 agot
639 1202 823 1276 respirasset
841 1201 992 1276 cupiditas
1008 1213 1114 1279 atque.

75 1286 201 1346 avaritia
216 1288 396 1362 paullulum,
416 1284 532 1360 aliquid
546 1285 606 1345 loci
620 1284 728 1346 rationi
745 1294 775 1345 et
797 1286 925 1347 consilio
947 1287 1098 1360 dedisseS,

75 1380 107 1430 tu
128 1378 156 1430 te
178 1371 373 1446 collegisses,
394 1386 455 1430 uon
469 1369 500 1429 in
515 1385 580 1428 eam
594 1368 806 1444 turpitudinem
819 1370 974 1443 venisses,
994 1381 1028 1432 ut
1041 1372 1100 1433 hoe

73 1452 128 1514 tibi
148 1464 237 1515 esset,
252 1456 336 1529 apud
355 1456 431 1513 tales
453 1455 534 1514 viros
557 1454 777 1526 confitendum,
808 1471 869 1528 qua
889 1453 942 1514 tibi
962 1456 1099 1517 vadimo-

48 1554 52 1559 ·
73 1537 156 1599 nium
176 1539 293 1599 nonsit
315 1538 444 1611 obitum,
473 1539 580 1598 eadem
594 1547 624 1598 te
639 1538 715 1598 hora
732 1538 893 1598 eonsilium
907 1540 1029 1613 cepisse
1045 1541 1098 1600 ho-

71 1621 161 1682 minis
182 1623 349 1698 propinqui
370 1624 506 1682 fortunas
527 1622 661 1682 lunditus
677 1631 823 1682 evertere.
851 1622 945 1681 XVll.
962 1621 1012 1683 54.
1033 1624 1098 1698 Ego

70 1723 127 1781 pro
144 1717 172 1767 te
187 1723 267 1767 num
282 1707 340 1767 hos
355 1708 498 1778 consulo,
515 1714 586 1781 post
600 1714 719 1780 tempus
735 1705 808 1766 etin
824 1706 984 1781 alienare,
1003 1724 1098 1782 quon·
1160 1772 1167 1793 Ι

71 1790 130 1850 iam
151 1800 183 1851 tu
204 1791 235 1851 in
255 1799 308 1851 tua
322 1806 372 1862 re,
392 1801 618 1864 quumtempus
637 1798 716 1861 erat,
740 1792 902 1851 consulere
923 1791 1034 1852 oblitus
1052 1808 1097 1852 es.

71 1874 189 1947 Quaero
202 1875 258 1935 abs
273 1883 317 1947 te,
330 1874 361 1936 Ο.
377 1874 495 1948 Aquili,
506 1876 539 1934 L.
554 1873 665 1944 Lucili,
675 1873 705 1931 P.
719 1873 873 1946 Quinctil,
888 1875 928 1937 Μ.
940 1875 1097 1935 Marcelle:

71 1959 277 2018 vadimonium
295 1956 367 2017 mihi
388 1974 449 2018 non
470 1959 544 2020 obiit
567 1958 689 2032 quidam
710 1957 815 2018 soc'ius
831 1966 860 2017 et
877 1959 986 2019 adfinis
1000 1977 1096 2031 meus,

71 2040 194 2117 quicum
211 2042 284 2101 milri
299 2041 495 2104 necessitudo
509 2052 614 2115 vetus,
629 2042 839 2102 controversia
853 2042 891 2101 de
905 2060 939 2102 re
954 2043 1096 2118 pecunia-

70 2125 116 2184 ria
134 2142 243 2187 recens
264 2125 438 2187 intercedit:
464 2128 627 2202 postulone
648 2142 666 2183 a
688 2134 845 2200 praetore,
875 2135 908 2186 ut
928 2127 994 2187 eius
1016 2129 1098 2188 bona

70 2208 143 2267 milri
165 2210 325 2283 possidere
345 2209 456 2270 liceat?
480 2228 519 2271 an
538 2227 629 2286 quum
644 2211 759 2276 Romae
775 2211 884 2269 doruus
906 2211 987 2284 eim,
1009 2208 1099 2282 uxor,

70 2291 158 2351 liberi
178 2293 251 2367 sint,
280 2295 402 2355 domum
424 2294 524 2368 potius
546 2293 748 2354 denunciem?
781 2293 857 2366 Quid
873 2304 921 2355 est
938 2297 1022 2370 quod
1039 2296 1096 2354 hac

24 2417 27 2425 ·
69 2376 193 2436 tandem
213 2379 252 2438 de
267 2395 300 2438 re
316 2379 404 2438 vobis
419 2377 519 2453 possit
531 2378 648 2438 viderit
673 2377 812 2438 Profecto
827 2378 854 2436 si
868 2387 950 2438 recte
964 2387 1097 2438 vestram

69 2459 235 2521 bonitatem
250 2471 342 2537 atque
357 2462 546 2537 prudentiam
563 2460 709 2537 cognovi,
728 2479 788 2522 non
805 2464 930 2521 multum
947 2480 995 2521 me
1013 2464 1095 2532 fallit,

71 2544 98 2605 si
115 2547 328 2619 consulemini,
352 2545 425 2620 quid
449 2545 514 2605 sitis
535 2545 728 2620 responsuri:
752 2546 879 2621 primum
899 2555 1094 2621 exspectare:

70 2627 182 2688 deinde
199 2629 225 2689 si
241 2630 359 2691 latitare
373 2646 410 2688 ac
422 2629 534 2689 diutius
549 2630 706 2689 ludificare
723 2630 876 2702 videatur,
895 2630 1010 2690 amicos
1023 2647 1094 2690 eon-

69 2711 190 2772 venire=
221 2730 368 2787 quaerere
390 2713 458 2788 quis
480 2722 659 2787 procurator
680 2713 732 2774 sit:
760 2715 881 2773 domum
901 2714 1094 2775 denunciare.

68 2796 135 2856 Dici
148 2795 200 2855 vix
214 2806 316 2870 potest
328 2812 417 2872 quam
432 2798 524 2856 multa
537 2797 596 2857 sint
611 2814 689 2872 quae
710 2798 925 2872 respondeatis
943 2806 1011 2858 aute
1029 2798 1094 2859 lieri

69 2888 227 2954 oportere,
257 2897 347 2955 quam
370 2881 410 2940 ad
432 2882 511 2940 hanc
532 2883 680 2942 rationem
702 2889 867 2943 extremam
888 2882 1094 2943 necessariam

69 2962 223 3023 devenire.
254 2961 303 3024 55.
322 2964 400 3037 Quid
412 2966 451 3024 ad
462 2964 538 3023 haec
548 2964 703 3025 Naevius‘t
729 2965 819 3026 Ridet
834 2964 1094 3027 scilicetnostram

69 3046 246 3118 amentiam,
266 3047 318 3122 qui
337 3048 368 3108 in
382 3049 444 3108 vita
461 3064 517 3108 sua
534 3048 681 3108 rationem
703 3051 811 3109 summi
831 3049 925 3109 oflicii
939 3049 1093 3110 desidere-

67 3147 136 3192 mus
157 3136 187 3190 et
205 3130 339 3192 instituta
360 3132 509 3192 bonorum
532 3131 663 3192 virorum
683 3135 884 3207 requiramus.
914 3132 991 3206 Quid
1012 3135 1093 3207 mihi,

67 3212 179 3290 inquit,
193 3230 261 3273 cum
272 3214 330 3275 ista
344 3216 484 3294 [summa]
497 3216 695 3276 sanctimonia
706 3232 742 3275 ac
754 3216 929 3290 diligentiae
945 3217 1093 3290 Viderint,

66 3295 178 3373 inquit,
199 3297 259 3358 ista
279 3298 380 3358 officia
402 3299 458 3359 viri
480 3299 568 3360 donn
589 3300 692 3359 deme
712 3299 1107 3358 adtemtaesasaem

63 3398 126 3441 non
142 3382 215 3456 quid
231 3382 378 3455 trabeam,
405 3385 465 3447 sed
479 3384 596 3464 quinus
607 3384 709 3446 aeteus
726 3379 918 3440 iuuenea'xm
930 3371 1167 3476 axx-aeaeae&

41 3467 320 3557 ,quemadmodum
341 3479 440 3537 natus
463 3481 495 3538 et
517 3490 587 3554 quo
609 3477 713 3552 pacta
733 3465 902 3528 educamus
918 3439 1122 3506 ssu-W*
