2370 3780
355 233 439 292 cnr.
455 240 585 296 rl-so.
598 238 623 299 s.
639 238 801 295 rat-145.
970 224 974 229 ’
1049 228 1088 298 b'l

68 387 128 446 hoc
144 384 265 460 indigne
281 386 361 457 lero,
374 384 457 459 quod
471 400 579 443 verear
599 401 637 443 ne
654 385 727 458 quid
748 383 861 458 possit,
883 399 987 443 verum
1006 386 1088 459 quod

68 487 162 529 ausus
184 478 245 542 est,
268 469 351 544 quod
366 469 501 541 speravit
522 483 593 527 sese
612 469 695 542 apud
715 469 790 527 tales
811 466 895 527 viros
916 467 1030 542 aliquid
1050 470 1089 528 ad

68 553 231 628 perniciem
247 567 343 627 posse
357 549 542 623 innocentis,
558 551 588 610 id
603 551 704 627 ipsum
718 567 837 627 queror.
871 550 971 609 XLIX.
997 551 1088 610 ldcir-

68 652 145 698 cone
166 642 346 712 experrecta
364 635 505 695 nobilitas
527 636 618 696 armis
640 645 732 710 atque
753 636 831 694 ferro
853 651 916 693 rem
938 634 1088 709 publicam

66 721 266 795 recuperavit,
280 727 312 778 ut
325 718 365 776 ad
377 718 530 779 libidinem
545 737 631 780 suam
645 719 742 780 liberti
754 717 927 792 servulique
944 718 1089 779 nobilium

66 805 156 878 bona,
168 805 304 864 fortunas
318 811 434 862 vestras
447 811 538 877 alque
550 812 670 864 nostras
680 819 794 862 vexare
805 808 954 877 possentt
969 801 1039 864 142.
1056 801 1088 861 Si

66 888 97 947 id
112 895 212 947 actum
235 894 297 956 est,
320 887 415 946 lateor
437 903 486 946 mo
506 903 627 947 errasse
649 887 701 961 qui
719 887 777 947 hoc
800 885 970 957 maluerim,
991 887 1088 946 lateor
1173 919 1176 927 ,

65 970 218 1032 insanisse
237 969 289 1045 qui
308 986 375 1029 cum
396 970 454 1030 illis
476 971 638 1031 senserim:
660 969 778 1030 tametsi
795 969 933 1043 inermis,
954 969 1086 1042 iudiceS,

66 1054 159 1115 sensi.
193 1053 245 1113 Sin
264 1061 361 1113 autem
379 1054 504 1114 victoria
526 1054 670 1114 nobilium
692 1062 867 1114 ornamento
890 1062 982 1129 atque
1005 1071 1085 1113 emo-

67 1140 198 1198 lumento
221 1135 265 1196 rei
289 1138 428 1212 publicae
448 1140 627 1213 populoque
642 1140 779 1198 Romano
807 1138 898 1198 debet
918 1153 1002 1211 csse,
1024 1146 1086 1197 turn

64 1238 139 1281 vero
155 1220 267 1296 optimo
284 1230 314 1282 et
327 1220 516 1282 nobilissimo
533 1221 643 1297 cuique
656 1215 758 1282 meam'
771 1220 937 1293 orationem
951 1222 1085 1296 gratissi-

65 1322 144 1364 mam
159 1321 228 1364 esse
241 1314 368 1380 oportet.
402 1304 517 1378 Quodsi
533 1306 601 1380 quis
613 1315 660 1366 est
675 1305 768 1381 quiet
780 1322 813 1366 se
825 1314 990 1365 etcausam
1007 1306 1085 1365 laedi

64 1396 166 1464 putet,
187 1406 278 1464 quum
302 1389 519 1465 Chrysogonus
542 1389 741 1485 vituperetur,
765 1390 792 1448 is
815 1405 939 1449 causam
959 1389 1085 1484 ignorat,⁸

65 1488 100 1534 se
114 1473 214 1569 ipsum
228 1473 325 1568 probe
348 1473 499 1547 cognovit
540 1472 638 1533 Causa
661 1473 739 1532 enim
762 1471 950 1547 splendidior
971 1473 1037 1544 fiel,
1059 1473 1085 1532 si

64 1556 252 1631 nequissimo
262 1555 376 1652 quique
389 1556 560 1618 resistetur:
576 1557 625 1616 ille
639 1555 883 1651 improbissimus
895 1556 1084 1632 Chrysogoni

64 1642 248 1717 lautor,qu1
239 1639 322 1700 sibi
336 1655 405 1699 cum
420 1639 533 1701 illul
486 1657 520 1700 ra
522 1639 634 1701 tionem
649 1639 898 1702 communicatam
913 1657 956 1715 pu
957 1648 1007 1712 tat
1023 1641 1084 1700 lae

64 1724 157 1797 ditur,
173 1740 266 1799 quum
282 1723 319 1782 ab
336 1723 394 1782 hoc
409 1724 572 1819 splendore
588 1741 700 1787 causae
717 1724 885 1820 separatur.

146 1806 216 1870 143.
233 1809 348 1867 Verum
364 1806 440 1866 haec
456 1809 554 1868 omnis
569 1807 681 1881 oratio,
704 1817 737 1869 ut
757 1809 817 1867 iam
833 1815 884 1867 ant
885 1825 901 1868 e
916 1807 994 1882 dixi,
1016 1824 1084 1866 mea

63 1900 124 1963 est,
142 1909 201 1967 qua
215 1908 264 1951 me
278 1891 321 1951 uti
337 1905 387 1950 res
402 1891 525 1965 publica
538 1900 569 1952 et
582 1893 670 1952 dolor
683 1909 769 1952 meus
786 1901 816 1951 et
833 1891 958 1952 istorum
976 1890 1083 1951 inimic

63 1975 175 2049 coegit:
195 1974 266 2034 Sex.
280 1973 412 2036 Roscius
426 1975 533 2036 horum
553 1975 627 2035 nihil
641 1975 797 2050 indignum
812 1983 912 2051 putat,
935 1977 1083 2034 neminem

61 2057 295 2130 accusat,·nihil
315 2059 354 2118 de
376 2075 432 2119 suo
456 2059 634 2134 patrimonio
661 2060 809 2134 queritur:
824 2066 909 2133 putat
925 2059 1016 2118 homo
1030 2059 1082 2117 im-

61 2141 177 2218 peritus
191 2158 322 2215 morum,
344 2142 478 2216 agricola
500 2153 529 2204 et
546 2143 695 2214 rusticus,
720 2141 779 2203 ista
794 2142 908 2215 omnia,
933 2158 1082 2218 quaevos

59 2240 117 2300 per
132 2224 243 2285 Sullam
256 2233 342 2298 gesta
356 2241 427 2286 esse
441 2226 549 2300 dicitis,
563 2243 657 2299 more,
673 2228 751 2302 lege,
765 2225 830 2287 iure
845 2226 977 2301 gentium
988 2226 1080 2286 lacta:

61 2309 153 2383 culpa
167 2307 309 2369 liberatus
326 2318 355 2370 et
368 2308 492 2370 crimine
509 2311 623 2370 nelario
639 2311 757 2371 solutus
777 2310 862 2385 cupit
881 2327 900 2370 a
917 2309 1005 2371 vobis
1021 2310 1080 2370 dis-

62 2392 186 2452 cedere=
219 2389 287 2452 144.
318 2392 345 2453 si
361 2394 418 2452 hac
438 2391 562 2469 indigna
580 2394 758 2470 suspicione
780 2402 895 2467 careat,
916 2393 1015 2454 animo
1031 2410 1081 2452 ae-

62 2492 124 2550 quo
140 2492 174 2535 se
189 2491 293 2535 carere
308 2475 373 2537 suis
390 2477 530 2538 omnibus
550 2477 718 2538 commodis
738 2477 825 2538 dicit:
846 2486 934 2554 rogat
954 2486 1080 2552 oratque

58 2568 106 2631 te,
135 2559 346 2635 Chrysogono,
367 2560 394 2620 si
416 2560 488 2620 nihil
510 2561 549 2621 de
568 2561 663 2637 patris
684 2561 812 2623 fortunis
833 2561 1028 2637 amplissimis
1048 2561 1080 2620 in

61 2659 150 2703 suam
164 2659 228 2703 rem
242 2643 397 2717 convertit,
414 2645 441 2703 si
454 2646 536 2705 nulla
549 2644 581 2705 in
595 2662 629 2705 re
639 2654 672 2706 te
686 2646 844 2718 fraudavit,
859 2645 885 2705 si
899 2643 952 2705 tibi
968 2646 1079 2719 optima

58 2726 120 2786 lide
143 2743 198 2787 sua
213 2727 314 2787 omnia
328 2726 496 2803 concessit,
520 2729 742 2803 adnumeravit,
765 2729 925 2805 appendit,
947 2728 973 2789 si
988 2728 1079 2788 vesu-

57 2818 135 2880 tum,
164 2828 224 2884 quo
249 2810 317 2884 ipse
336 2818 434 2871 tectus
456 2820 534 2884 erat,
561 2814 745 2888 anulumque
762 2813 800 2872 de
815 2812 907 2888 digito
924 2829 1012 2872 suum
1026 2812 1078 2872 tibi

57 2892 193 2966 tradidit,
211 2894 237 2954 si
252 2910 292 2952 ex
307 2893 445 2954 omnibus
459 2896 551 2956 rebus
568 2913 603 2957 se
617 2896 718 2972 ipsum
733 2897 971 2970 nudumueque
990 2911 1077 2971 prac-

58 2984 142 3036 terea
156 2977 322 3052 quidquam
339 2977 475 3053 excepit,
498 2988 531 3040 ut
545 2980 603 3041 sibi
619 2997 672 3056 per
687 2989 716 3041 ta
729 2980 819 3040 liceat
838 2979 991 3040 innocenti
1005 2979 1079 3038 ami-

58 3063 164 3121 corum
184 3061 293 3135 opibus
314 3061 406 3120 vitam
428 3060 458 3120 in
475 3073 610 3138 egestate
631 3064 752 3140 degere.
787 3064 821 3123 L.
851 3059 921 3122 145.
952 3063 1078 3122 Praedia

57 3159 126 3204 mea
140 3152 173 3204 tu
183 3143 341 3218 possides
358 3160 416 3220 ego
432 3146 530 3206 aliena
550 3147 758 3209 misericordia
771 3145 858 3207 vivo=
880 3147 1032 3221 concedo,
1048 3156 1078 3206 et
1147 3210 1150 3215 ,

58 3227 143 3302 quod
158 3227 277 3289 animus
296 3245 413 3304 aequus
433 3239 480 3291 est
499 3239 531 3292 et
551 3231 623 3308 quia
635 3248 765 3293 necesse
784 3238 841 3291 est
878 3229 947 3290 ldea
968 3231 1076 3292 dumus

57 3310 110 3371 libi
123 3319 220 3388 patet,
234 3312 306 3372 mihi
323 3316 427 3375 clausa
441 3322 502 3376 est·
519 3315 597 3378 lero
614 3309 1104 3384 rautriunemmmas

54 3396 363 3486 egoservumhabeo
385 3400 521 3464 nulium.
543 3400 646 3480 patior
668 3394 898 3462 atterendum
913 3392 1013 3456 hm
997 3373 1165 3502 Q&

45 3475 91 3534 ris
108 3479 269 3554 ampliusr
292 3484 372 3562 quid
393 3485 614 3570 insequetur
638 3481 726 3565 quib
745 3462 954 3555 wega&
902 3533 957 3600 b*
