2384 3766
376 209 459 293 cal),
475 214 606 270 15-17.
628 213 653 275 §-
666 214 799 270 cc-aa
1084 209 1124 275 15

100 370 171 426 sunt
190 361 218 422 in
240 379 311 435 eos,
327 360 380 436 qui
402 362 551 437 permulta
569 361 648 420 rnale
667 360 779 436 agendi
793 375 887 421 causa
902 359 1124 438 fraudandique

99 451 255 509 lecerunt?
288 443 339 508 53.
365 444 397 504 Si
419 443 594 519 dupondius
616 453 687 505 tuus
702 452 855 520 ageretur,
878 443 948 504 Sex.
963 445 1073 518 Naevi,
1097 447 1124 507 si

97 532 130 592 in
151 533 279 607 parvula
297 546 332 590 re
353 528 503 602 captionis
522 527 638 602 aliquid
655 545 812 601 vererere,
834 545 895 588 nou
916 529 1016 610 statim
1036 532 1076 590 ad
1091 531 1122 591 C.

97 615 254 690 Aquilium
278 620 330 674 aut
350 613 388 671 ad
405 629 509 673 eorum
523 612 671 688 aliquem,
689 613 742 688 qui
760 615 972 686 consuluntur,
995 629 1123 674 concur-

97 699 216 760 risses‘t
244 699 339 772 Quum
356 697 403 756 ius
419 697 583 769 amicitiae,
602 697 773 768 societatis,
792 696 955 756 adfinitatis
973 707 1122 771 ageretur,

98 802 192 859 quum
214 781 308 844 ollicii
329 780 476 842 rationem
493 790 584 855 atque
605 781 835 841 existimationis
851 780 922 840 duci
937 781 1123 856 conveniret,

97 883 135 928 eo
151 875 289 942 tempore
310 873 342 925 tu
362 881 423 924 non
443 866 536 926 modo
551 881 612 925 non
628 866 668 924 ad
683 865 714 924 C.
729 864 884 938 Aquilium
897 872 949 924 aut
963 865 1003 924 ad
1014 865 1048 929 L.
1063 867 1122 926 Lu-

53 938 57 953 ’
96 951 199 1012 cilium
216 948 368 1021 rettulisti,
390 950 447 1010 sed
462 966 501 1008 ne
514 949 582 1029 ipse
596 948 718 1022 quidem
737 958 767 1008 te
789 948 984 1009 consuluisti:
1009 967 1047 1008 nc
1062 952 1121 1011 hoe

97 1035 222 1111 quidem
234 1042 331 1093 tecum
345 1035 466 1094 locutus
478 1050 528 1094 cs:
549 1033 651 1093 Horae
666 1033 745 1093 duae
760 1033 894 1093 luerunt:
912 1032 1067 1106 Quinctius
1081 1036 1122 1094 ad

62 1165 77 1185 ,
97 1117 304 1177 vadimonium
315 1134 374 1178 nou
394 1117 484 1177 venit.
507 1116 585 1190 Quid
600 1123 677 1191 agol
699 1116 731 1176 Si
746 1116 918 1177 mehercule
929 1117 1006 1177 hacc
1021 1126 1122 1179 tecum
1141 1142 1146 1158 ·

97 1203 159 1261 duo
179 1202 272 1261 verba
287 1203 430 1262 fecisses:
460 1201 538 1273 Quid
558 1207 639 1274 agot
660 1201 844 1275 respirasset
862 1200 1013 1275 cupiditas
1029 1211 1136 1279 atque.

97 1285 223 1345 avaritia
238 1286 417 1361 paullulum,
438 1284 553 1360 aliquid
567 1284 628 1344 loci
641 1283 749 1345 rationi
766 1293 795 1344 ct
818 1285 946 1346 consilio
968 1286 1119 1359 dedisses,

98 1379 129 1429 tu
150 1377 178 1429 te
200 1370 395 1445 collegisses,
415 1386 477 1429 non
491 1369 521 1429 iu
536 1384 602 1428 eam
615 1368 827 1443 turpitudinem
840 1369 995 1443 venisses,
1015 1381 1048 1432 ut
1062 1371 1120 1432 hoc

96 1451 151 1513 tibi
170 1463 259 1514 esset
274 1455 357 1528 apud
377 1455 452 1513 tales
474 1454 556 1513 viros
578 1453 798 1526 confitendum,
829 1470 890 1527 qua
910 1453 962 1514 tibi
985 1456 1119 1516 vadimo-

71 1552 75 1559 ’
96 1536 178 1598 nium
198 1538 315 1599 nonsit
337 1537 466 1609 obitum,
494 1538 601 1597 eadem
617 1546 645 1597 te
661 1537 736 1597 horo
754 1537 913 1599 consilium
927 1539 1050 1612 cepisse
1066 1539 1119 1600 ho-

94 1620 182 1682 minis
204 1622 371 1698 propiuqui
392 1623 528 1681 fortunas
548 1621 682 1681 funditus
698 1631 844 1682 evertere.
872 1621 966 1680 XVll.
983 1620 1033 1683 54.
1054 1624 1118 1698 Ego

92 1722 149 1780 pro
165 1716 194 1767 tc
209 1723 289 1766 nunc
303 1707 362 1766 lros
377 1707 519 1777 consulo,
537 1713 607 1781 post
621 1715 740 1779 tempus
756 1714 785 1766 et
800 1705 829 1764 iu
845 1706 1005 1780 alienare,
1024 1724 1119 1781 quon·

93 1788 153 1849 iam
173 1799 204 1851 tu
227 1790 257 1850 in
278 1798 329 1849 tua
344 1806 393 1862 re,
414 1800 639 1864 quumtempus
658 1798 737 1860 crat,
762 1792 923 1850 consulere
944 1791 1055 1852 oblitus
1073 1808 1118 1851 es

94 1874 211 1948 Quaero
223 1875 279 1935 abs
295 1883 338 1946 te,
352 1874 382 1935 C.
399 1873 517 1947 Aquili,
528 1875 561 1933 L.
575 1872 686 1944 Lucili,
696 1873 726 1931 P.
740 1873 894 1946 Quinctili,
909 1874 948 1936 ll.
961 1875 1117 1935 Marcelle:

93 1958 299 2018 vadimonium
317 1956 389 2016 mihi
409 1974 471 2017 non
492 1959 565 2018 obiit
589 1957 711 2031 quidam
732 1956 836 2017 socius
852 1966 881 2016 ct
898 1958 1007 2019 adfinis
1021 1977 1116 2031 meus,

94 2041 216 2116 quicum
233 2042 306 2101 mihi
321 2039 516 2103 necessitudo
531 2051 635 2113 vetus,
651 2041 859 2101 controversia
874 2042 960 2102 dere
975 2043 1117 2117 pecunia-

93 2124 139 2183 ria
157 2143 265 2186 recens
285 2125 459 2185 intercedit=
486 2127 648 2200 postulone
669 2141 687 2183 a
709 2133 866 2198 praetore,
896 2134 929 2185 ut
949 2126 1015 2187 eius
1036 2128 1119 2188 bona

94 2207 165 2267 mihi
187 2210 347 2283 possidere
367 2209 477 2269 liceat?
502 2227 541 2270 an
560 2226 651 2285 quum
666 2210 781 2275 Romae
796 2210 904 2269 domus
927 2210 1008 2284 eius,
1030 2205 1120 2282 uxor,

93 2290 180 2350 liberi
200 2292 273 2367 sint,
301 2294 424 2354 domum
446 2293 546 2368 potius
568 2292 769 2354 denunciemt
802 2293 879 2366 Quid
895 2302 941 2354 est
959 2296 1043 2369 quod
1060 2295 1116 2354 hac

49 2416 51 2423 ,
92 2375 215 2435 tandem
235 2378 273 2438 de
289 2394 322 2438 re
338 2377 426 2437 vobis
441 2377 541 2452 possit
552 2378 670 2438 viderit
695 2377 833 2437 Proiecto
849 2376 875 2436 si
889 2385 971 2438 recte
985 2387 1117 2438 vestram

91 2458 256 2520 bonitatem
272 2471 364 2536 atque
379 2462 569 2536 prudentiam
584 2460 730 2536 cognovi,
749 2478 810 2521 nou
826 2463 951 2521 multum
968 2479 1016 2522 me
1034 2464 1116 2533 lallit⁷

94 2543 120 2604 si
137 2546 350 2617 consulemini,
374 2544 447 2620 quid
470 2544 536 2605 sitis
558 2544 750 2620 responsuri:
772 2545 900 2620 primum
920 2556 1115 2620 exspectare:

93 2626 205 2686 deinde
221 2627 248 2688 si
264 2630 380 2690 latitare
395 2645 431 2688 ac
444 2629 556 2688 diutius
571 2629 728 2689 ludificare
744 2630 898 2701 videatur,
915 2630 1031 2689 amicos
1043 2647 1115 2690 con-

92 2711 212 2771 venire:
243 2729 389 2786 quaerere
412 2713 480 2787 quis
502 2721 680 2787 procurator
701 2712 753 2773 siu
780 2715 903 2774 domum
922 2713 1114 2774 denunciare.

91 2795 157 2855 Dici
170 2794 222 2854 vix
237 2805 337 2870 potest
350 2812 439 2872 quarn
454 2798 546 2856 multa
558 2796 617 2857 sint
632 2813 711 2871 quae
731 2797 946 2872 respondeatis
964 2805 1032 2858 autc
1050 2798 1115 2859 lieri

92 2887 249 2953 oportere,
279 2897 369 2953 quam
392 2881 432 2940 ad
454 2881 532 2939 hanc
554 2882 702 2940 rationem
723 2889 888 2942 extremam
909 2881 1115 2943 necessariam

92 2961 245 3023 devenire.
276 2961 325 3024 55.
344 2964 422 3037 Quid
434 2964 559 3024 adhaec
570 2963 724 3024 Naevius?
750 2964 840 3025 Ridet
855 2963 971 3024 scilicet
981 2974 1115 3026 nostram

91 3045 268 3117 amentiam,
288 3046 339 3121 qui
359 3048 389 3108 in
404 3048 466 3108 vita
482 3064 539 3108 sua
556 3047 702 3107 rationem
725 3050 832 3108 summi
852 3048 945 3108 oflicii
960 3049 1114 3111 desidere-

90 3146 158 3191 mus
179 3136 209 3190 ct
227 3130 361 3192 instituta
381 3132 531 3193 bonorum
554 3130 684 3191 virorum
705 3133 905 3206 requiramus.
935 3131 1012 3206 Quid
1033 3134 1114 3206 mihi,

89 3212 202 3289 inquit,
215 3229 283 3273 cum
294 3213 352 3275 ista
366 3216 506 3294 [summa]
519 3216 717 3276 sanctimonia
727 3231 763 3274 ac
775 3215 950 3289 dilig-entiae
966 3217 1114 3290 Viderint,

88 3295 200 3372 inquit,
222 3297 281 3358 ista
301 3298 402 3358 officia
424 3299 479 3358 viri
501 3299 589 3360 boni:
610 3300 712 3359 deme
733 3299 1126 3359 tautamitacsus'xdeaaxa-=

86 3397 148 3440 non
165 3382 238 3456 quid
254 3382 402 3456 habeam,
427 3385 487 3447 sed
501 3385 618 3465 quilius
629 3384 731 3445 renus
746 3379 938 3439 iuvencam
949 3374 1177 3480 assessus&

64 3468 344 3558 „quemadmodum
367 3480 465 3538 natus
487 3481 521 3538 el
542 3490 612 3556 [tuo
633 3477 735 3553 pacto
757 3465 924 3527 caucasus
939 3439 1131 3508 auo-W*
