2370 3780
78 261 80 265 .
112 185 155 249 34
267 185 341 248 PRO
363 185 447 246 SEX.
466 184 604 248 ROSCIO
626 185 800 247 AMERINO
823 186 973 247 ORATIO.

87 366 88 370 ¹
115 341 198 400 scius
211 347 294 399 asset
300 337 455 412 Ameriae,
469 339 500 398 T.
514 346 614 400 autem
627 337 684 399 iste
696 339 827 401 Roscius
834 340 964 400 Romae:
982 357 1075 415 quum
1088 340 1140 401 hic

114 423 199 484 iilius
216 422 366 485 adsiduus
388 421 419 482 in
441 422 575 497 praediis
591 432 675 483 essct
690 436 844 499 quumque
865 440 899 483 se
914 424 1070 486 voluntate
1084 442 1138 499 pa-

113 508 170 568 tris
189 505 234 566 rei
252 505 390 567 familiari
405 505 548 581 vitaeque
569 506 702 567 rusticae
717 506 869 580 dedisset,
886 506 944 567 iste
959 516 1061 569 autem
1079 509 1139 570 ire-

115 608 213 665 quens
230 592 346 651 Romae
364 599 462 664 esset,
484 589 632 650 occiditur
652 591 693 649 ad
706 591 833 650 balneas
847 590 997 652 Palatinas
1012 591 1140 653 rediens

115 693 133 734 a
150 691 247 735 coena
269 673 496 734 SemRoscius.
531 672 628 748 Spero
645 690 685 733 ex
699 674 757 734 hoc
771 673 841 748 ipso
859 691 920 736 nou
938 692 1009 736 esse
1026 677 1137 737 obscu-

20 818 25 828 ,
113 776 180 819 rum
200 758 240 817 ad
264 774 355 832 quem
372 755 507 832 suspicio
527 756 667 816 maleficii
687 756 849 832 pertineat:
871 776 977 819 verum
991 759 1037 832 id,
1056 761 1139 835 quod

114 837 226 902 adhuc'
248 850 296 903 est
327 839 554 916 suspiciosum,
587 839 645 901 nisi
675 840 870 916 perspicuum
895 860 958 913 res
992 842 1062 917 ipsa
1095 846 1140 903 fe-

116 925 204 998 cerit,
229 924 310 984 hunc
339 925 470 984 adlinem
500 925 608 999 culpae
632 922 804 985 iudicatote.
848 924 897 986 19.
929 925 1038 987 Occiso
1067 926 1139 988 Sex.

114 1007 227 1070 Roscio
253 1007 368 1082 primus
384 1007 537 1068 Ameriam
561 1007 684 1068 nunciat
705 1008 825 1068 Mallius
853 1010 977 1070 Glaucia
1005 1009 1139 1085 quidam,

113 1094 205 1153 homo
227 1089 341 1163 tenuis,
366 1091 538 1164 libertinus,
565 1093 660 1152 cliens
686 1100 716 1153 et
742 1091 895 1152 familiaris
915 1093 1003 1154 istius
1025 1095 1057 1153 T.
1077 1095 1139 1155 Ro-

115 1175 185 1248 scii,
207 1183 237 1235 et
258 1173 380 1235 nunciat
396 1175 519 1235 domum
541 1192 601 1235 non
624 1174 691 1248 filii,
714 1177 770 1236 sed
785 1177 816 1235 T.
834 1175 989 1252 Capitonis
1009 1175 1138 1237 inimici:

114 1269 144 1321 ct
164 1265 350 1334 quum·post
371 1259 477 1320 horam
501 1257 628 1334 primam
648 1259 746 1321 noctis
770 1258 892 1320 occisus
917 1270 1016 1334 esset,
1039 1261 1138 1337 primo

114 1344 246 1404 diluculo
268 1342 397 1403 nuncius
417 1342 467 1403 hic
488 1343 640 1402 Ameriam
662 1344 758 1404 venit:
787 1345 893 1403 decem
912 1344 996 1406 horis
1018 1353 1137 1406 noctur-

114 1427 162 1486 nis
187 1444 244 1488 sex
272 1435 303 1487 et
328 1425 547 1502 quinquaginta
570 1425 653 1486 milia
676 1434 823 1501 passuum
848 1426 932 1488 cisiis
957 1427 1138 1502 pervolavit,

114 1528 175 1571 non
198 1512 288 1571 modo
300 1518 343 1583 ,ut
362 1519 540 1586 exoptatum
559 1509 680 1570 inimico
702 1511 844 1572 nuncium
864 1510 979 1585 primus
992 1513 1137 1585 adferret,

114 1595 171 1656 sed
197 1594 288 1656 etiam
308 1590 448 1655 cruorem
473 1593 587 1654 inimici
610 1610 700 1669 quam
719 1594 994 1655 recentissimnmt
983 1596 1138 1670 telamque

113 1680 216 1753 paullo
230 1686 300 1740 ante
317 1695 334 1738 e
349 1694 478 1753 corpore
492 1687 658 1738 extractum
673 1680 856 1739 ostenderet
883 1678 935 1740 20
953 1678 1136 1752 Quadridua

115 1779 175 1836 quo
190 1762 266 1822 haec
280 1770 367 1854 gesta
379 1771 462 1837 sunt,
476 1778 527 1822 res
538 1763 578 1822 ad
590 1761 842 1839 Chrysogonum
835 1780 865 1821 m
878 1763 1021 1823 castraL.
1035 1762 1136 1824 Sullae

113 1847 289 1906 Volaterras
304 1828 451 1906 defertur·
472 1845 646 1920 magnitudo
659 1846 809 1920 pecuniae
824 1846 1061 1906 demonstratur·
1054 1847 1136 1907 :ho-

29 1918 32 1935 '
115 1930 144 1989 ni
146 1938 192 1989 tas
208 1929 456 2004 praediorum—
472 1947 541 1990 nam
555 1929 668 1989 fundos
683 1930 861 1990 decemt
804 1937 861 1989 ett
861 1946 911 1988 res
928 1930 1065 2004 reliquit,
1084 1929 1136 2005 qui

115 2013 244 2074 Tiberim
270 2014 333 2073 lere
359 2029 464 2074 omnes
488 2021 613 2088 tangunt
631 2045 689 2084 —-‚
710 2012 834 2074 huius
826 2011 930 2086 mopia
950 2023 980 2074 et
1001 2013 1133 2075 solitudo

25 2165 28 2171 ,
115 2105 379 2158 commemoratur:
408 2098 629 2170 demonstrant,
645 2114 738 2170 quum
749 2104 835 2171 pater
849 2097 975 2157 huiusce
988 2096 1060 2157 Sex.
1074 2099 1134 2158 Ro-

116 2180 199 2241 scius
222 2181 312 2242 homo
334 2189 396 2241 tam
416 2179 595 2256 splendidus
618 2189 648 2240 et
670 2180 821 2254 gratiosus
842 2181 924 2241 nullo
946 2180 1075 2254 negocio
1097 2181 1136 2240 sit

115 2263 256 2338 occisus,
277 2264 423 2341 perfacile
442 2265 522 2325 hunc
542 2263 695 2324 hominem
714 2263 867 2323 incautum
891 2272 920 2324 et
938 2265 1084 2325 rusticum
1106 2272 1135 2323 et

114 2351 228 2409 Romae
248 2350 384 2423 ignotum
406 2348 444 2407 do
465 2347 565 2408 medio
581 2349 644 2409 tolli
658 2363 768 2423 posse:
791 2348 914 2407 adeam
930 2365 994 2408 rem
1010 2364 1133 2423 operam
1162 2378 1165 2382 ι

115 2449 202 2492 suam
223 2432 411 2506 pollicentur.
439 2432 484 2491 Ne
498 2431 610 2491 diutius
625 2440 759 2503 teneam,
774 2429 906 2504 iudiceS,
925 2432 1056 2493 societas
1072 2431 1133 2491 coi-

114 2526 170 2576 tur.
211 2515 289 2574 vlit.
309 2515 358 2577 21.
387 2517 484 2589 Quum
499 2514 559 2574 iam
572 2514 806 2591 proscriptionis
820 2515 931 2575 mentio
944 2516 1026 2575 nulla
1040 2516 1134 2585 fieret,

115 2616 208 2674 quum
227 2600 317 2659 etiam
340 2597 392 2674 qui
413 2607 509 2659 antea
522 2607 689 2659 metuerant
702 2597 835 2658 redirent
850 2613 886 2656 ac
900 2597 959 2658 iam
975 2601 1133 2661 defunctos

115 2700 186 2743 sese
200 2681 343 2757 periculis
358 2679 586 2755 arbitrarentur,
601 2699 711 2742 nomen
725 2681 853 2742 refertur
866 2680 897 2740 in
912 2682 1030 2744 tabulas
1049 2682 1133 2742 Sexti

114 2766 235 2840 Roscii,
251 2764 382 2827 hominis
400 2765 617 2828 studiosissimi
632 2763 810 2825 nobilitatis·
831 2781 977 2841 manceps
992 2767 1026 2826 fit
1025 2767 1132 2862 'Chry-

116 2867 267 2925 sogonus·
292 2850 349 2910 tria
365 2849 490 2925 praedia
505 2851 551 2909 vel
569 2849 758 2910 nobilissima
771 2847 907 2923 Capitoni
928 2849 1053 2924 propria
1075 2858 1131 2910 tra-

115 2935 239 3007 duntur,
256 2950 334 3009 quae
348 2933 440 2995 hodie
452 2933 628 3008 possidet!
620 2951 651 2993 rn
664 2921 799 3006 reliquas
811 2948 917 2994 omnes
930 2933 1084 2994 fananas
1076 2941 1133 2995 rste

114 3019 146 3074 T.
168 3016 300 3079 Roscius
321 3018 443 3078 nomine
464 3016 669 3094 Chrysogoni,
693 3016 975 3090 quomadmodum
967 3033 1036 3093 ipse
1052 3015 1131 3088 dicit,

115 3101 208 3175 impet
208 3117 258 3161 um
272 3101 354 3163 lacit.
385 3101 469 3162 Haec
482 3101 565 3161 hona
576 3117 664 3160 amun
666 3107 713 3161 tur
666 3099 849 3161 tduobus
864 3100 984 3162 milibus
999 3117 1131 3161 numum.

114 3186 196 3244 llaec
217 3185 332 3259 omnia,
353 3185 485 3257 iudices,
508 3183 698 3262 imprudente
715 3182 747 3240 L.
766 3182 850 3244 Sulla
866 3185 946 3246 lacta
963 3201 1035 3245 esse
1049 3191 1131 3244 certo

115 3269 190 3328 scio.
233 3265 284 3330 22.
304 3270 410 3345 Neque
431 3270 510 3331 enim
524 3267 645 3342 mirum,
671 3282 762 3343 quum
778 3268 885 3328 eodem
900 3275 1036 3343 tempore
1052 3276 1081 3328 et
1096 3282 1132 3325 ca

102 3366 186 3414 quae
201 3352 371 3423 praeterita
389 3362 460 3416 sunt
480 3361 510 3415 et
528 3369 566 3414 ea
582 3367 660 3428 quae
676 3350 814 3412 videntur
830 3350 943 3412 instare
961 3360 1130 3426 praeparet,

80 3439 182 3490 auum
202 3441 236 3490 et
248 3435 348 3513 paris
372 3439 618 3507 constituendae
638 3436 791 3501 rationem
812 3444 844 3498 ct
856 3433 936 3495 ‘aelli
949 3434 1142 3506 aeneamqu-
