2370 3780
383 211 464 270 CAP.
479 218 576 272 4-6·
598 217 624 275 S·
640 217 769 273 10-17.
1048 206 1089 272 75

67 371 99 424 et
112 360 283 437 diligentiae
294 377 395 433 meae,
412 359 486 421 satis
504 377 615 420 causae
631 369 661 421 et
677 359 919 433 conuoversiae,
939 360 1012 421 satis
1026 362 1088 423 for·

66 448 169 506 mulae
183 454 212 507 et
230 443 406 521 sponsioni,
422 444 598 504 satisatiam
614 444 707 504 ludici
725 443 837 503 fecisse
849 444 956 503 videar
971 461 1025 504 cur
1039 461 1088 504 se·
1105 508 1108 515 ,

67 530 198 590 cundum
213 528 359 591 Roscium
380 526 507 586 iudicari
523 528 640 587 debeat.
671 527 802 587 Pecunia
818 527 911 600 petita
926 537 974 587 est
990 536 1087 587 certa:

67 627 137 672 cum
153 614 239 675 tertia
265 619 350 686 parte
371 611 496 685 sponsio
522 614 600 672 facta
623 620 679 672 est.
716 610 798 670 Haec
812 611 943 686 pecunia
958 626 1088 671 necesse
1147 652 1152 658 ι

66 705 114 756 εει
135 705 186 757 aut
207 699 277 756 data
297 701 349 753 aut
370 709 507 768 expensa
527 696 587 755 lata
602 704 654 754 aut
668 694 811 769 stipulata
828 693 876 754 sit.
906 696 1011 755 Datam
1026 710 1088 754 non

65 795 137 839 esse
151 780 285 839 Fannius
300 777 472 837 confitetur:
494 795 661 853 expensam
681 780 771 838 latam
791 794 851 837 uon
876 794 947 837 esse
964 777 1087 838 codices

64 863 171 922 Fannii
188 863 381 923 confirmant:
403 860 575 936 stipulatam
595 878 655 920 non
675 878 747 921 esse
763 860 950 921 taciturnitas
964 861 1087 933 testium

66 946 218 1006 concedit.
250 943 299 1006 15.
327 944 404 1017 Quid
419 961 491 1019 ergo
508 952 576 1005 est?
609 944 696 1017 Quod
711 953 741 1005 et
755 962 826 1005 reus
846 944 873 1004 is
890 952 950 1017 est,
974 943 1022 1004 cui
1035 960 1087 1005 res

64 1030 96 1089 et'
116 1028 247 1104 pecunia
263 1027 417 1088 levissima
434 1037 463 1088 et
479 1028 659 1088 existimatio
679 1028 870 1104 sanctissima
886 1028 941 1089 fuit
957 1043 1086 1103 semper,

64 1121 96 1172 et
112 1113 205 1171 iudex
222 1121 269 1172 est
291 1113 332 1186 is,
355 1129 446 1188 quem
462 1128 519 1172 nos
534 1129 595 1172 non
613 1111 712 1171 minus
729 1112 807 1171 bene
824 1113 862 1172 de
879 1112 967 1173 nobis
984 1111 1087 1172 existi-

64 1212 150 1256 mare
167 1213 258 1271 quam
281 1198 446 1256 seeundum
469 1213 527 1256 nos
550 1195 684 1257 iudicare
709 1195 850 1267 velimus,
874 1204 904 1255 et
925 1195 1086 1256 advocatio

64 1296 105 1339 ea
120 1287 182 1352 est,
200 1297 289 1355 quam
299 1288 425 1355 propter
438 1279 579 1339 eximium
591 1279 785 1353 splendorem
802 1286 833 1339 ut
847 1279 978 1339 iudicem
993 1295 1087 1340 unum

64 1363 165 1423 vereri
182 1364 361 1423 debeamus:
379 1363 505 1437 perinde
522 1379 557 1422 ac
574 1362 600 1421 si
616 1363 646 1420 in
662 1362 740 1422 hauc
756 1364 914 1424 formulam
925 1361 1026 1422 omnia
1040 1361 1086 1422 iu-

65 1445 147 1505 dicia
169 1447 315 1522 legitima,
341 1445 442 1506 omnia
463 1445 584 1506 arbitria
602 1445 779 1520 honoraria,
796 1445 896 1506 omnia
913 1446 1015 1505 officia
1031 1447 1086 1506 do·

65 1530 192 1589 mastica
212 1533 358 1592 conclusa
388 1538 418 1590 et
440 1530 662 1605 comprehensa
684 1529 759 1603 sint,
786 1529 913 1605 perinde
939 1528 1085 1590 dicemus.
1155 1574 1157 1579 <

64 1615 119 1672 llla
135 1614 274 1688 superior
291 1614 345 1675 fuit
360 1614 455 1674 oratio
472 1613 662 1686 necessaria,
678 1612 754 1673 haec
771 1613 827 1673 erit
836 1612 1020 1673 voluntaria:
1035 1613 1087 1673 illa

65 1698 105 1757 ad
123 1697 265 1770 iudicem,
283 1699 358 1758 baec
374 1698 414 1756 ad
430 1697 461 1756 C.
476 1697 631 1757 Pisonem:
648 1696 699 1756 illa
713 1713 852 1772 prorae,
870 1697 946 1756 baec
958 1713 1013 1771 pro
1025 1697 1086 1758 Rc·

64 1781 552 1855 sclo‚illavictoriae,haecbonae
560 1779 789 1841 existimationis
798 1797 891 1840 causa
899 1789 1085 1856 comparata.

81 1928 83 1933 ,
147 1867 197 1924 Vl.
221 1864 271 1926 16.
292 1864 454 1925 Pecuniam
471 1863 566 1939 petis,
581 1864 693 1937 Fauni,
710 1881 729 1924 a
744 1865 868 1925 Roscio.
883 1863 1017 1937 xQuam?
1029 1862 1085 1925 Dic

64 1948 208 2008 audacter
224 1957 253 2008 et
276 1958 388 2024 aperte.
419 1948 524 2008 Utrum
548 1964 627 2023 quae
642 1947 696 2008 tibi
718 1964 758 2008 ex
775 1949 919 2008 societate
939 1948 1086 2008 debeatur

63 2049 103 2092 an
121 2047 200 2106 quae
216 2048 257 2091 ex
272 2032 448 2092 liberalitate
464 2031 553 2092 huius
565 2030 718 2107 promissa
729 2033 768 2091 sit
779 2039 808 2090 et
819 2037 989 2091 ostentata?
1005 2032 1084 2104 Qua-

61 2132 129 2175 rum
141 2117 266 2175 alterum
277 2126 323 2177 est
332 2114 454 2190 gravius
466 2123 496 2174 et
507 2115 653 2187 odiosius,
665 2116 792 2175 alterum
807 2115 904 2174 levius
916 2123 945 2174 et
956 2115 1084 2174 facilius.

65 2199 148 2272 Quae
165 2215 204 2257 ex
222 2198 366 2260 societate
383 2199 547 2259 debeatur?
565 2197 642 2272 Quid
658 2199 723 2257 ais?
736 2199 803 2258 Hoc
821 2199 880 2257 lam
897 2214 996 2273 neque
1010 2197 1084 2258 levi-

63 2281 284 2344 temfereudum
305 2291 353 2344 est
376 2298 475 2355 neque
495 2282 682 2356 negligenter
706 2282 941 2343 defendendum.
974 2280 1006 2340 Si
1023 2298 1104 2356 qua¹

65 2365 144 2426 enim
166 2373 237 2424 sunt
259 2363 376 2438 privata
397 2364 508 2424 iudicia
526 2381 662 2424 summae
686 2365 917 2426 existimationis
933 2372 962 2425 et
983 2381 1083 2440 paene

64 2449 164 2508 dicam
185 2447 308 2522 capitis,
327 2449 384 2510 tria
404 2449 480 2529 haec
497 2457 580 2531 sunt,
600 2447 747 2524 fiduciae,
769 2451 894 2521 tutelae,
918 2447 1083 2508 societatis.

63 2534 173 2607 Aeque
185 2531 264 2590 enim
275 2534 471 2607 perfidiosum
483 2541 513 2592 et
528 2533 676 2593 nefarium
688 2542 735 2593 est
745 2533 836 2593 fidem
848 2534 988 2606 frangere
1004 2546 1084 2606 quae

64 2615 199 2676 continet
219 2616 308 2675 vitam
325 2625 354 2678 et
369 2615 517 2692 pupillum
533 2615 673 2676 fraudare
692 2617 743 2692 qui
760 2616 789 2678 in
807 2617 930 2677 tutelam
948 2613 1084 2691 pervenit

64 2708 94 2759 et
111 2700 228 2759 socium
245 2700 348 2760 fallere
371 2701 423 2776 qui
444 2716 479 2760 se
500 2699 530 2759 in
553 2701 681 2775 negocio
705 2701 870 2760 coniunxit
917 2696 965 2761 17.
999 2698 1082 2772 Quae

64 2800 157 2857 quum
173 2782 296 2855 iusim,
314 2783 382 2858 quis
399 2783 437 2844 sit
454 2781 505 2859 qui
523 2783 640 2844 socium
654 2784 800 2845 fraudarit
813 2792 843 2845 et
858 2781 995 2843 fefellerit
1011 2797 1083 2842 eon-

64 2867 244 2926 sideremus.
274 2866 362 2927 Dabit
383 2867 462 2927 euim
483 2867 572 2927 nobis
594 2866 654 2927 iam
675 2868 765 2928 tacite
788 2868 849 2928 vita
865 2875 933 2927 acta
948 2866 980 2924 iu
994 2867 1082 2925 alter·

62 2958 160 3009 utram
181 2959 297 3024 partem
318 2951 435 3010 firmum
457 2959 487 3011 et
511 2966 604 3024 grave
631 2952 843 3013 testimonium.
874 2950 907 3023 Q.
930 2948 1083 3009 Roscius?

64 3033 141 3107 Quid
163 3033 229 3092 aisf
255 3034 361 3093 Nonne
380 3045 412 3095 ut
431 3032 510 3109 ignis
527 3033 557 3092 in
575 3050 684 3108 aquam
704 3037 860 3096 coniectus
876 3033 1019 3094 continuo
1035 3047 1082 3090 re-

63 3115 225 3190 stinguitur
237 3126 266 3176 et
276 3117 483 3191 refrigeratur,
501 3117 545 3177 sic
561 3119 718 3180 refervens
737 3119 846 3178 falsum
860 3117 971 3177 crimen
984 3116 1015 3176 in
1028 3132 1081 3190 pu·

61 3200 213 3260 rissimam
237 3209 267 3261 et
283 3199 483 3282 castissimam
508 3201 596 3262 vitam
619 3204 761 3263 collatum
784 3200 882 3262 statim
906 3200 1038 3260 concidit
1052 3206 1083 3258 et

62 3283 283 3358 exstinguitur?
302 3283 434 3345 Roscius
450 3284 567 3345 socium
585 3285 755 3345 fraudavit?
775 3285 876 3346 Potest
893 3280 1086 3366 hochomiui

61 3366 131 3427 huie
153 3369 280 3429 haerere
295 3375 476 3443 peccaturus
509 3368 565 3447 qui
577 3369 703 3431 medius
717 3367 817 3428 libius
831 3397 877 3406 -
890 3365 1046 3422 anasum
1060 3358 1109 3404 bx-

52 3463 90 3507 co
104 3483 148 3494 —
159 3452 235 3525 plus
245 3452 321 3515 fidei
342 3471 436 3532 quam
452 3455 547 3535 artis,
567 3458 645 3537 plus
660 3451 812 3518 ueritatis
827 3460 932 3522 uuam
944 3429 1145 3531 cassamus}
