2370 3780
122 148 246 354 Zet?
263 267 297 345 ἦ
315 242 616 347 immam
785 296 800 329 o

125 383 321 461 tet-30

350 690 395 777 Μ.
418 688 553 772 ttttttt
576 687 787 771 CICERONIS

171 878 333 963 nuo
398 879 434 960 u
496 874 967 985 tutu'onto

437 1042 699 1138 (tullio.

512 1272 631 1281 *ια-ι...-

368 1428 767 1490 AR'GUMENTUM.
833 1444 839 1451 ’

124 1540 157 1589 Μ.
176 1539 257 1589 Tullio
277 1539 373 1589 Deeula
397 1539 442 1591 Cn.
461 1541 575 1592 Cornelio
593 1541 724 1592 Dolabella
745 1554 812 1593 coss.
829 1553 895 1589 anno
916 1550 973 1605 post
993 1542 1080 1590 urbem

56 1610 181 1659 conditam
200 1606 351 1662 Dctxxm.
370 1610 403 1659 M.
423 1610 520 1661 Tullius
533 1611 631 1670 Cicero,
656 1627 732 1673 quum
750 1611 806 1673 ipse
823 1623 916 1658 annum
932 1611 1080 1660 vicesimum

55 1688 154 1728 sextum
169 1686 266 1743 ageret,
281 1680 373 1740 quade
386 1693 412 1727 re
424 1682 455 1728 Α.
468 1678 563 1729 Gellius
575 1680 646 1729 Noet.
660 1679 738 1729 Attio.
751 1679 794 1733 lib.
807 1676 864 1729 XV.
879 1694 932 1743 cap.
946 1685 982 1732 28.
999 1679 1080 1731 curio-

55 1749 109 1796 sius
128 1747 249 1811 disputat,
266 1746 331 1795 hano
345 1748 373 1796 P.
387 1747 496 1805 Quinctii
515 1764 632 1807 cansam,
651 1740 725 1810 quam
739 1747 888 1809 aliquotiens
899 1762 973 1797 antea
991 1748 1024 1798 tt.
1039 1749 1080 1796 lu-

10 1802 112 1889 {lnius
124 1826 207 1864 orator
215 1815 284 1880 opud
295 1814 322 1864 C.
338 1817 468 1878 Aquilium
479 1817 578 1868 Gallum
590 1819 698 1867 iudicem
712 1824 812 1880 egerat,
832 1817 901 1880 apud
913 1817 1029 1866 eumdem
1041 1818 1080 1865 iu·

18 1888 45 1957 3
56 1886 136 1935 dicem
147 1893 234 1934 contra
249 1883 278 1942 Q.
290 1883 464 1946 Hortensium,
477 1889 520 1950 qui
529 1902 576 1952 pro
588 1886 647 1936 Sex.
662 1885 756 1936 Naevio
768 1887 798 1935 P.
813 1885 921 1944 Quinctii
935 1886 1080 1935 adversario

10 1958 44 2024 ’ἢ
56 1955 158 2003 sedente
177 1954 206 2003 L.
224 1952 317 2002 Marcio
334 1954 451 2019 Philippo
469 1956 584 2014 dicebat,
603 1954 673 2004 solus
690 1954 825 2020 peroravit.
849 1953 903 2012 Quo
919 1954 1079 2019 iudicioetsi

22 2023 145 2081 &litteris
162 2022 290 2086 proditum
308 2038 357 2073 non
372 2033 410 2073 est
425 2031 508 2073 utrum
521 2027 550 2076 P.
562 2024 695 2083 Quinctius
713 2023 892 2073 condemnatus
904 2038 935 2072 an
949 2022 1081 2072 absolutus

17 2088 142 2149 linfuerit,
166 2100 249 2139 tamen
269 2093 367 2141 videtur
383 2093 417 2142 M.
430 2092 527 2142 Tullius
544 2094 630 2142 clienti
645 2108 706 2151 suo,
726 2092 762 2141 illi
774 2092 875 2154 quidem
887 2105 936 2141 non
950 2094 1003 2141 sine
1015 2094 1082 2141 iustu

22 2160 40 2225 ‘l
56 2173 132 2207 causa
144 2160 169 2207 in
182 2161 222 2208 ins
234 2160 355 2225 adducto,
368 2162 414 2210 sed
426 2162 512 2224 iniqua
523 2170 606 2211 tamen
618 2162 713 2211 ratione
726 2160 788 2209 iuris
801 2174 937 2224 oppresso,
954 2161 1080 2224 praesidio

23 2218 149 2291 ⁸)t'uisse,
163 2229 231 2305 quod
242 2231 379 2278 orationem
390 2239 480 2295 postea
491 2232 650 2295 conscripsit,
663 2231 829 2294 conscriptam
841 2228 908 2278 foras
922 2230 999 2280 dedit.

16 2283 54 2355 'i

10 2356 40 2453 [i
138 2398 160 2455 l.
181 2396 208 2458 1.
231 2361 322 2465 Quae
342 2415 392 2459 res
407 2399 438 2460 in
454 2400 572 2461 civitate
589 2402 667 2461 duae
682 2398 842 2476 plurimum
858 2408 1002 2474 possunt,
1026 2417 1081 2460 eae

57 2491 163 2541 contra
182 2496 238 2541 nos
259 2484 365 2543 ambae
386 2486 498 2545 iaciunt
517 2484 547 2543 iu
562 2485 622 2545 hoc
636 2492 788 2559 tempore,
813 2500 930 2544 summa
942 2484 1037 2558 grotta
1052 2494 1082 2544 et

56 2563 255 2640 eloquentius
266 2584 392 2641 quarum
405 2571 543 2641 alteram,
565 2568 595 2626 C.
609 2567 727 2644 Aquili,
745 2584 865 2641 vereor,
880 2568 1003 2627 alteram
1019 2584 1081 2627 me-

56 2658 118 2709 tuo.
132 2648 313 2723 Eloquentia
326 2651 360 2724 Q.
372 2651 527 2712 Hortensii
539 2668 578 2711 ne
589 2669 637 2711 me
649 2652 779 2713 dicendo
791 2650 935 2726 impediat
946 2652 1082 2711 nonnihil

58 2748 267 2793 commoveor:
283 2734 379 2808 gratia
388 2735 458 2797 Sex.
466 2735 571 2796 Naevii
582 2753 621 2795 ne
630 2737 662 2795 P.
672 2734 808 2809 Quinctio
821 2742 945 2806 noceat,
961 2733 993 2794 id
1005 2751 1080 2795 veno

54 2823 119 2875 nou
146 2814 336 2879 mediocriter
363 2820 556 2895 pertimesco.
600 2817 630 2879 2.
652 2820 758 2895 Neque
786 2818 845 2879 hoc
874 2826 955 2883 tanto
987 2836 1081 2894 opere

60 2900 247 2974 querendum
261 2900 428 2976 videretur,
451 2905 528 2963 haec
543 2920 660 2964 summa
675 2903 705 2962 in
721 2904 779 2962 illis
795 2918 881 2975 esse,
903 2900 929 2960 si
944 2900 973 2961 in
989 2903 1079 2964 nobis

58 2992 162 3044 essent
184 2985 290 3044 saltem
309 2987 483 3048 mediocria.
515 2989 629 3047 Verum
649 2986 690 3048 itu
710 3004 760 3046 res
783 3002 817 3046 se
837 2984 941 3056 habet,
963 2996 996 3047 ut
1011 3002 1079 3062 ege,

59 3065 111 3141 qui
125 3083 226 3143 neque
241 3085 300 3128 usu
314 3071 387 3131 satis
403 3081 433 3133 et
448 3071 568 3146 ingenio
585 3088 692 3146 parum
703 3086 847 3146 possum,
868 3085 936 3129 cum
951 3080 1080 3145 patrono

58 3150 259 3211 disertissimo
289 3169 460 3231 comparer:
488 3157 520 3214 P.
541 3153 713 3229 Quinctius,
742 3153 829 3214 cuius
857 3162 963 3213 tenues
993 3171 1079 3229 opes,

58 3236 158 3295 nullae
179 3237 351 3311 facultates,
373 3239 502 3315 exiguae
522 3240 688 3301 amicorum
707 3239 816 3313 copiae
835 3246 919 3311 sunt,
943 3255 1011 3297 eum
1026 3239 1080 3297 ad-

58 3318 194 3379 versario
222 3319 441 3395 gratiosissimo
467 3325 637 3385 contendat.
680 3321 710 3384 3.
737 3323 814 3382 ltlud
840 3339 963 3397 quoque
991 3320 1082 3380 uobis

60 3402 182 3463 accedit·
191 3403 429 3481 incommodum,
446 3411 529 3484 quod
542 3409 584 3470 llll.
597 3407 723 3485 lunius,
738 3398 1109 3543 quiliaucxcausumtffi·

99 3488 201 3546 cicli.
217 3498 242 3550 l.
576 3541 579 3546 .
