2370 3780
95 197 135 259 ta
355 194 428 255 Pae
449 194 480 252 P.
504 191 680 268 purncrto
703 180 854 253 crunno.

95 356 157 410 cat:
185 357 215 408 et
236 363 304 407 eam
321 365 414 422 quum
438 346 543 417 orarit,
565 354 626 406 turn
648 344 780 419 denique
800 360 908 405 vocem
932 345 1119 404 accusatoris

95 431 218 493 audiat?
248 431 340 504 Quid,
364 430 422 491 hoc
444 448 504 504 quo
526 430 678 504 pertinet?
696 437 729 490 ut
750 429 837 489 ocius
851 429 893 488 ad
908 438 990 488 tuum
1013 445 1119 503 perve-

96 516 186 576 nias?
210 518 252 576 At
269 514 295 574 si
311 515 342 573 id
358 515 468 584 velles,
490 514 549 572 iam
571 512 688 587 pridem
705 522 803 572 actum
820 529 890 573 esse
907 521 1035 588 poterat.
1068 511 1118 573 44.

95 600 135 661 Ut
150 597 324 659 honestiore
341 597 453 657 iudicio
470 595 770 656 conflictere?——At
785 598 852 656 sine
870 614 988 657 summo
1004 598 1120 656 scelere

94 684 125 743 P.
136 681 303 757 Quinctium
321 681 527 755 propinquum
543 688 625 740 tuum
641 678 777 754 iugulare
793 697 854 740 non
869 681 1063 755 potes—Ut
1078 681 1091 737 l
1109 713 1119 718 -

96 767 183 827 cilius
207 765 347 825 iudicium
370 764 430 824 sit?
449 796 489 805 -
505 767 546 824 At
558 780 659 839 neque
678 765 709 822 C.
726 763 870 838 Aquilius
885 764 924 824 de
938 764 1036 840 capite
1049 765 1120 823 alte-

94 851 159 910 rius
174 850 301 910 libenter
315 848 428 908 iudicat
448 857 478 909 et
492 846 525 921 Q.
544 847 724 908 Hortensius
739 856 843 908 contra
859 856 950 923 caput
965 864 1024 908 non
1044 845 1120 906 didi-

96 934 136 995 cit
155 934 266 993 dicere.
299 931 376 1005 Quid
395 948 414 990 a
431 932 519 992 nobis
534 941 648 1005 autem,
671 932 702 991 C.
717 931 835 1006 Aquili,
856 935 1006 994 refertur?
1028 931 1120 990 Pecu-

96 1019 175 1077 niam
205 1016 293 1092 petit:
324 1032 470 1089 negamus
501 1015 615 1076 deberi.
659 1015 807 1075 iudicium
835 1015 1022 1078 frustatim:
1059 1031 1121 1074 non

95 1117 284 1162 recusamus.
325 1100 365 1160 Ut
386 1099 459 1174 quid
481 1105 659 1174 praeterea?
691 1098 723 1157 Si
744 1108 865 1159 veretur
884 1110 917 1161 ut
936 1119 986 1161 res
1008 1096 1120 1160 iudicio

96 1188 176 1267 lacto
193 1191 299 1258 parata
314 1183 366 1254 sit,
382 1182 545 1243 iudicatum
561 1182 640 1243 solvi
655 1182 729 1242 satis
744 1183 887 1258 accipiat:
915 1186 1026 1258 quibus
1041 1202 1059 1243 a
1073 1197 1122 1242 me

96 1268 198 1328 verbis
211 1267 284 1328 satis
297 1267 440 1342 accipiet,
452 1267 549 1326 isdem
562 1266 644 1340 lpse,
658 1268 740 1341 quod
751 1275 838 1341 peto,
851 1267 925 1328 satis
937 1269 996 1328 det.
1011 1270 1121 1328 Actum

97 1353 156 1411 iam
172 1359 274 1426 potest
291 1367 377 1422 esset
394 1351 425 1410 0.
441 1350 559 1424 Aquili:
576 1350 635 1409 iam
650 1359 681 1410 tu
698 1359 786 1424 potes
802 1352 947 1412 liberatus
962 1351 1122 1411 discedere

96 1435 235 1496 molestia
252 1451 349 1510 prope
365 1435 462 1494 dicam
478 1450 538 1493 non
556 1434 672 1493 nrinore
691 1444 780 1508 quam
793 1435 958 1508 Quinctius.
981 1433 1031 1496 45.
1045 1434 1123 1508 Quid

97 1519 236 1593 agimus,
250 1519 415 1578 Hortensi?
443 1517 516 1592 quid
538 1518 651 1577 dehac
673 1519 853 1579 condicione
871 1519 1021 1578 dicimus?
1048 1519 1122 1580 Pos-

97 1619 202 1663 sumus
224 1603 386 1677 aliquando
408 1601 556 1676 depositis
580 1601 672 1661 armis
693 1602 759 1660 sine
783 1603 916 1677 periculo
936 1604 1122 1664 fortunarum

98 1688 136 1746 de
163 1704 196 1746 re
223 1685 399 1761 pecuniaria
426 1686 618 1759 disceptare?
645 1702 809 1760 possumus
834 1687 875 1746 ita
896 1703 960 1746 rem
987 1695 1123 1747 nostram

98 1769 256 1845 persequi,
278 1778 311 1829 ut
331 1767 461 1828 hominis
483 1768 648 1842 propinqui
668 1778 759 1844 caput
775 1769 926 1831 incolume
941 1787 1012 1831 esse
1028 1769 1122 1844 palia·
1160 1780 1161 1784 ’

98 1859 185 1913 mur?
205 1869 370 1926 possumus
387 1851 524 1926 petitoris
541 1868 702 1926 personam
721 1869 847 1927 capere,
866 1853 1054 1914 accusatoris
1070 1854 1122 1913 de-

99 1943 236 2012 ponere?
252 1937 360 2009 lmmo,
377 1935 489 2009 inquit,
508 1936 563 1995 abs
580 1945 608 1996 te
620 1935 694 1996 satis
706 1936 867 2011 accipiam:
884 1954 941 2012 ego
954 1946 1054 1997 autem
1070 1936 1122 1996 tibi

100 2022 174 2081 salis
189 2037 250 2080 non
267 2020 356 2079 dabo.
388 2020 467 2079 XlV.
490 2019 562 2091 Quis
586 2020 708 2078 tandem
730 2020 819 2081 nobis
841 2021 899 2080 ista
914 2022 980 2081 iura
998 2029 1056 2081 tam
1072 2036 1121 2080 ae-

100 2121 161 2180 qua
177 2103 345 2163 describit?
367 2103 435 2176 quis
450 2103 509 2162 hoc
533 2103 651 2175 statuit,
675 2104 758 2177 quod
779 2121 911 2180 aequum
935 2105 1017 2164 sitin
1033 2104 1123 2177 Quin-

100 2187 206 2258 ctium,
217 2186 249 2246 id
264 2187 399 2261 iniquum
411 2202 482 2246 esse
496 2186 526 2245 in
538 2186 750 2245 Naevium?—
760 2187 889 2261 Quinctii
904 2190 1000 2261 bona,
1016 2186 1122 2260 inquit,

100 2288 138 2330 ex
160 2271 259 2331 edicto
282 2269 431 2345 praetoris
451 2286 602 2344 possessa
622 2279 700 2331 sunt.
722 2304 764 2316 -
783 2272 863 2347 Ergo
884 2273 915 2330 id
930 2280 963 2331 ut
978 2273 1123 2332 confitear

99 2357 253 2429 postulas,
276 2363 321 2426 ut,
343 2355 426 2428 quod
447 2370 613 2428 numquam
632 2355 742 2415 lactum
766 2372 837 2415 esse
858 2355 969 2415 iudicio
987 2353 1121 2414 delendi-

100 2455 181 2510 mus,
200 2437 232 2497 id
252 2438 381 2512 proinde
403 2437 491 2512 quasi
512 2438 623 2497 lactum
648 2438 686 2498 sit
707 2445 813 2499 nostro
830 2438 942 2498 iudicio
964 2440 1122 2499 confirme-

99 2540 177 2582 mus.
204 2520 255 2583 46.
277 2520 407 2581 Inveniri
422 2520 514 2592 ratio,
538 2521 569 2579 C.
583 2521 702 2596 Aquili,
718 2539 779 2581 non
795 2529 911 2597 potest,
929 2523 1016 2582 ulad
1034 2537 1123 2582 suum

101 2605 232 2680 quisque
257 2621 347 2679 quam
368 2605 495 2679 primum
517 2603 583 2664 sine
604 2605 784 2679 cuiusquam
806 2605 973 2678 dedecore,
1000 2605 1124 2665 infamia

100 2689 298 2764 pernicieque
313 2689 492 2762 perveniat?
514 2687 654 2749 Profecto
666 2688 694 2747 si
709 2689 782 2763 quid
797 2689 972 2761 deberetur,
991 2695 1122 2763 peteret:

100 2789 162 2832 non
178 2772 278 2832 omnia
292 2771 405 2831 iudicia
420 2771 486 2831 ficri
503 2774 617 2846 mallet,
634 2789 724 2846 quam
738 2790 832 2832 unum
846 2772 935 2846 illud,
951 2773 1031 2832 unde
1046 2772 1123 2829 haec

101 2855 202 2916 omnia
223 2854 335 2915 iudicio
355 2864 530 2915 nascuntur.
560 2855 616 2929 Qui
642 2855 720 2916 inter
740 2864 783 2916 tot
797 2872 895 2915 annos
910 2872 948 2915 ne
964 2853 1125 2929 appellarit

101 2938 223 3014 quidem
239 2937 423 3012 Quinctium,
441 2956 531 3012 quum
548 2948 685 3014 potestas
700 2948 784 3000 esset
800 2939 911 3014 agendi
929 2937 1054 2999 cotidie:
1071 2936 1124 3012 qui

102 3040 161 3098 quo
177 3030 313 3097 tempore
329 3022 457 3096 primurn
468 3024 545 3082 mala
561 3039 652 3098 agere
667 3023 782 3097 coepit,
798 3023 829 3083 in
840 3021 1022 3083 vadimoniis
1038 3022 1123 3083 diffe-

100 3107 205 3166 rendis
227 3114 347 3180 tempus
364 3123 452 3166 omne
468 3107 707 3181 consumpserit:
730 3106 781 3180 qui
798 3116 906 3181 postea
919 3105 1125 3166 vadimonium

87 3206 226 3266 ‚quoque
246 3186 373 3249 missum
394 3191 512 3263 lecerit,
536 3190 616 3251 hunc
638 3207 694 3265 per
710 3188 837 3250 insidias
857 3189 886 3250 vi
900 3192 938 3250 de
953 3204 1026 3264 agro
1042 3204 1124 3248 corn·

53 3289 56 3295 ·
100 3274 182 3335 muni
197 3273 360 3334 ¹deiecerit=
388 3274 439 3349 qui
455 3291 547 3349 quum
565 3275 603 3334 de
623 3290 656 3334 re
673 3274 782 3348 agendi
798 3275 879 3335 nullo
894 3278 1054 3334 recusante
1070 3287 1124 3345 po·

100 3366 196 3418 testas
220 3356 341 3430 luisset,
370 3359 568 3432 sponsionem
588 3359 626 3417 de
640 3358 753 3431 probro
775 3359 876 3418 lacere
890 3355 1042 3417 maluerit:
1073 3353 1126 3429 qui

103 3459 197 3514 quum
209 3450 372 3502 revocetur
385 3442 425 3501 ad
443 3442 474 3501 id
488 3440 646 3514 iudicium,
660 3442 743 3502 unde
759 3450 828 3503 nata
838 3443 914 3502 haec
931 3444 1000 3504 sunt
1014 3437 1124 3515 omnia,
