2370 3780
116 183 157 248 82
299 186 372 248 PRO
394 186 428 261 Q.
449 180 585 246 ROSCIO
607 182 787 246 COMOEDO
810 183 961 247 ORATIO.

115 333 256 412 actionis,
274 339 329 399 sed
343 337 457 399 initium
471 337 716 413 repromissionis
731 346 869 413 spectaro
884 337 1001 398 debes?
1021 352 1129 412 neque,

115 421 142 483 si
155 421 205 482 ille
219 423 363 498 persequi
377 421 486 496 noluit,
502 439 563 482 non
578 422 661 498 quod
675 421 705 480 in
718 438 752 481 se
768 420 972 492 luitiudicavit
985 420 1131 481 Roscium

114 522 202 580 suas,
214 523 275 565 non
287 504 440 566 societatis
453 505 518 565 lites
528 504 704 565 redemisse.
732 504 824 579 Ouid,
837 505 863 565 si
877 504 996 565 tandem
1007 505 1133 579 planum

84 590 208 688 ‚lecim
223 598 294 665 post
305 589 491 649 decisionem
503 595 636 648 veterem
646 588 765 662 Roscii,
782 587 1132 664 postrepromissionem

33 695 36 701 ·
114 682 266 734 recentem
287 672 365 732 hanc
386 671 493 731 Fannii
511 671 561 732 HS
577 688 689 733 cccmon
706 672 852 733 Fannium
871 688 890 731 a
911 672 944 746 O.
958 669 1061 731 Flavio
1076 671 1132 730 Pa-

114 757 203 832 nurgi
218 755 339 816 nomine
354 755 530 816 abstulisse:
555 763 654 815 tamen
678 754 790 816 diutius
810 755 937 816 illudere
954 753 1012 815 viri
1025 753 1132 830 optimi

116 838 329 902 existimationi
344 840 377 914 Q.
393 838 497 900 Roscii
512 838 653 900 audebit?

196 924 275 985 XIV.
294 921 344 984 40.
365 923 467 985 Paullo
487 931 556 982 ante
578 922 775 998 quaerebam,
795 920 827 981 id
841 921 925 998 quod
939 920 1133 982 vehementer

115 1007 154 1066 ad
169 1023 233 1068 rem
245 1005 428 1082 pertinebat,
450 1023 511 1080 qua
524 1007 563 1066 de
577 1022 670 1066 eausa
682 1005 818 1078 Flavius,
840 1023 933 1080 quum
948 1006 987 1065 de
1002 1013 1065 1066 tota
1081 1003 1132 1064 lite

115 1092 229 1150 laceret
245 1089 431 1165 pactionem,
448 1107 548 1165 neque
563 1089 636 1150 satis
651 1088 802 1165 acciperet
817 1089 959 1149 aRoseio
970 1105 1072 1164 neque
1085 1087 1130 1148 iu-

116 1173 196 1233 dicio
212 1173 421 1233 absolveretur
443 1190 462 1233 a
482 1172 607 1234 Fannio.
648 1175 733 1233 Nunc
752 1190 825 1234 vero
846 1171 893 1246 id,
921 1173 1005 1247 quod
1025 1170 1131 1231 mirum

116 1266 146 1318 et
158 1255 335 1317 incredibile
355 1265 416 1331 est,
436 1256 576 1333 requiro,
604 1258 812 1332 quamobrem,
842 1273 934 1331 quum
954 1257 993 1319 de
1013 1263 1078 1317 tota
1097 1272 1132 1315 re

68 1412 75 1426 .
115 1338 281 1401 decidisset
295 1356 362 1401 cum
375 1339 503 1414 Roscio,
517 1340 567 1400 HS
585 1358 697 1403 cccrooo
716 1341 877 1416 separatim
889 1339 1004 1419 Fannio
1020 1337 1131 1400 dissol-

115 1422 211 1484 verit?
230 1425 296 1485 Hoc
310 1426 394 1495 loco,
411 1423 524 1498 Saturi,
541 1423 614 1499 quid
627 1440 718 1501 pares
732 1424 919 1499 respondere
934 1422 1013 1483 scire
1024 1420 1131 1498 oupio=

115 1516 216 1570 utrum
232 1506 352 1569 omnino
364 1507 512 1568 Fannium
529 1507 663 1570 aFlavio
678 1508 728 1569 HS
743 1524 856 1570 cccrooe
871 1524 932 1567 non
956 1505 1131 1579 abstulisse,

115 1608 154 1652 an
168 1591 227 1652 alio
244 1592 364 1652 nomine
379 1600 409 1653 el
423 1591 482 1652 alia
496 1593 534 1652 de
549 1608 642 1652 eausa
658 1592 842 1653 abstulisset
883 1589 934 1652 41.
967 1589 999 1649 Si
1019 1589 1133 1651 eliade

115 1692 224 1748 causa,
252 1692 331 1751 quae
351 1677 426 1737 ratio
447 1675 500 1735 tibi
522 1692 590 1738 cum
616 1693 652 1736 eo
675 1674 910 1736 intercesserat?
936 1674 1034 1733 Nulla.
1068 1673 1131 1732 Ad-

116 1758 374 1819 dictuserattibil
399 1760 475 1818 Non.
503 1757 626 1820 Frustra
639 1767 759 1834 tempus
770 1767 903 1820 contero.
933 1756 1132 1831 Omnino‚in·

115 1841 193 1917 quit,
209 1841 258 1902 HS
274 1859 387 1906 cccrooo
407 1859 426 1902 a
444 1841 547 1904 Flavio
569 1860 629 1904 non
649 1842 784 1917 abstulit,
806 1858 906 1916 neque
926 1841 1056 1916 Panurgi
1076 1856 1131 1901 no-

114 1925 195 1984 mine
209 1943 310 2001 neque
327 1927 516 2001 cuiusquam.
540 1925 587 1995 ¹Si
601 1928 723 2001 planum
738 1927 816 1987 lacio
832 1932 903 2001 post
924 1924 1003 1984 hanc
1025 1940 1131 1985 recen-

115 2018 176 2070 lem
199 2009 422 2085 stipulationem
436 2007 541 2070 Roscii
556 2009 606 2070 HS
622 2008 734 2072 cbcroeo
749 2027 768 2070 a
784 2007 888 2070 Flavio
912 2014 941 2069 te
957 2007 1130 2078 abstulisse,
1151 2048 1154 2053 -

114 2092 262 2166 numquid
276 2109 387 2154 causae
401 2100 448 2153 esi
463 2091 535 2169 quin
551 2094 587 2153 ab
599 2093 709 2154 iudicio
721 2094 814 2153 abeas
825 2090 999 2167 turpissime
1011 2090 1133 2153 vietus?

114 2174 165 2237 la.
185 2181 249 2250 Quo
265 2185 342 2238 teste
356 2175 445 2256 igitur
455 2176 514 2238 hoc
526 2178 647 2252 planum
663 2177 791 2237 faciam?
811 2178 957 2249 Venerat,
969 2183 1002 2236 ut
1013 2176 1131 2250 opinor,

115 2259 192 2319 haec
211 2275 262 2320 res
289 2259 319 2319 in
340 2259 492 2320 iudicium.
523 2262 617 2321 Certe.
647 2259 720 2334 Quis
742 2268 807 2321 erat
826 2260 958 2335 petitori
986 2259 1130 2318 Fannius.

115 2342 188 2417 Quis
203 2350 297 2405 reust
311 2343 442 2404 Flavius.
473 2343 544 2417 Quis
559 2345 671 2405 iudex?
687 2344 818 2404 Cluvius.
845 2343 892 2402 Ex
906 2342 953 2402 liis
964 2359 1043 2403 unus
1058 2340 1132 2401 mihi

114 2425 200 2500 testis
216 2435 264 2487 est
279 2428 495 2502 producendus
511 2428 563 2501 qui
583 2428 857 2504 pecuniamdaum
873 2425 962 2487 dicet.
994 2425 1066 2500 Quis
1084 2433 1132 2506 est

115 2527 154 2571 cx
170 2509 218 2570 his
238 2509 458 2591 gravissimus?
488 2509 560 2571 Sine
582 2509 789 2573 controversia
804 2509 855 2586 qui
870 2510 1001 2570 omnium
1016 2508 1130 2569 iudicio

115 2592 329 2669 comprobatus
353 2601 400 2654 est
415 2593 517 2654 iudex.
546 2595 641 2669 Quem
660 2594 750 2669 igitur
764 2592 864 2655 ex'his
879 2593 974 2655 tribus
990 2609 1009 2653 a
1023 2609 1071 2652 me
1088 2601 1130 2653 te·

114 2684 192 2738 stem
206 2677 421 2752 exspectabis?
436 2676 615 2738 Petitorem?
636 2678 768 2739 Fannius
790 2684 850 2737 est:
872 2685 976 2738 contra
993 2692 1027 2736 se
1044 2693 1130 2736 num·

116 2759 509 2835 quamtestimoniumdicct.
523 2763 640 2823 Reuml
651 2762 772 2822 Flavius
782 2768 837 2820 est.
852 2761 882 2820 is
889 2760 948 2820 iam
958 2760 1076 2836 pridem
1083 2767 1141 2821 est«

113 2852 260 2904 mortuus.
287 2844 320 2905 Si
336 2843 464 2917 viveret,
479 2846 573 2905 verba
584 2846 650 2905 eius
662 2844 813 2905 audiretis.
839 2843 992 2904 Iudicem?
1006 2843 1129 2904 Cluvius

113 2933 170 2986 est.
192 2927 269 3001 Quid
283 2926 310 2988 is
325 2928 418 2988 dicit?
434 2927 484 2989 HS
500 2945 612 2991 cccrum
626 2928 756 3005 Panurgi
770 2926 891 3009 nomine
902 2926 1037 2988 Flavium
1048 2928 1127 2987 Fan-

114 3008 164 3070 nio
182 3010 376 3072 dissolvisse:
395 3028 485 3088 quem
499 3019 532 3073 tu
547 3011 573 3073 si
588 3029 626 3072 ex
641 3029 736 3074 censu
747 3018 886 3087 spectas,
907 3027 1002 3086 eques
1017 3011 1128 3070 Roma·
1161 3036 1164 3042 ·

113 3109 173 3153 nus
188 3100 249 3154 est:
264 3093 292 3155 si
306 3112 345 3154 ex
359 3093 435 3168 vita,
451 3095 541 3157 homo
558 3095 741 3158 clarissimus
756 3101 816 3156 est=
838 3093 865 3156 si
878 3111 918 3154 ex
934 3103 978 3166 te,
993 3092 1126 3154 iudicem

114 3175 286 3252 sumpsisti:
302 3177 328 3238 si
343 3195 382 3239 ex
392 3178 532 3253 veritate,
548 3178 595 3254 id,
612 3181 696 3255 quod
710 3178 788 3240 seire
803 3177 899 3254 potuit
913 3184 943 3238 ct
957 3176 1067 3250 debuit,
1080 3176 1125 3237 di·

113 3258 165 3320 xit.
192 3257 243 3321 43.
262 3261 359 3337 Nega,
380 3278 459 3338 nega
476 3279 556 3324 nunc
574 3263 667 3340 equiti
680 3265 832 3336 Romano,
853 3260 965 3323 homini
985 3261 1127 3334 honesto,

98 3341 201 3434 iambi
211 3349 266 3402 tuo
280 3346 367 3407 credi
380 3353 535 3424 oportere.
566 3346 789 3424 Circumspicit,
807 3353 937 3407 aestuem
959 3351 1050 3418 neget
1067 3359 1127 3404 nos

84 3417 189 3481 crunt
205 3425 424 3497 testimonium
448 3433 651 3501 recitaturos.
680 3427 904 3496 Recitab'unus.
926 3423 1143 3484 arretinum
