2370 3780
388 212 469 273 cAP.
486 221 581 275 1-3.
603 219 629 281 S·
643 219 756 276 3-11.
1065 210 1085 273 3

60 382 154 442 quum
180 362 359 441 praesertim
385 364 419 439 Q.
442 364 637 438 Hortensius,
671 364 722 441 qui
756 364 814 425 lroc
845 361 957 446 iudicio
982 371 1084 440 partes

60 450 249 511 accusatoris
265 449 396 521 obtinet,
411 457 516 508 eontra
530 465 577 508 me
593 449 632 509 sit
646 448 798 523 dicturus,
813 449 862 509 cui
873 464 1021 509 summam
1032 465 1085 510 co-

60 533 142 610 piam
157 534 391 606 facultatemque
405 531 525 592 dicendi
538 542 645 593 natura
656 514 763 608 largita
775 539 843 593 est?
863 534 907 593 lta
921 532 954 593 lit
969 542 1001 592 ut
1016 549 1084 608 ego,

61 618 114 693 qui
134 619 194 678 tela
215 617 370 693 depellere
390 623 421 676 et
434 617 610 677 vulneribus
627 616 741 676 mederi
756 617 898 690 debeam,
919 624 981 676 turn
995 616 1026 675 id
1042 617 1082 676 fa-

59 718 131 762 cere
143 717 251 775 cogar,
267 716 359 775 quum
371 699 1009 761 etiamtelumadversariusnullumiecerit=
1024 700 1083 760 illis

59 784 206 846 autemid
220 792 338 858 tempus
354 782 551 859 impugnandi
565 785 667 858 detur,
685 801 777 860 quum
794 793 822 845 et
834 783 949 845 vitandi
964 784 1084 844 illorum

58 871 191 944 impetus
206 874 342 942 potestas
356 868 498 943 adempta
510 867 599 928 nobis
611 868 667 929 erit
683 877 720 941 et,
736 867 762 928 si
778 886 837 943 qua
848 867 877 927 in
892 885 941 942 re,
955 867 986 926 id
999 869 1083 943 quod

58 952 157 1028 parati
178 958 250 1011 sunt
267 952 384 1024 facere,
406 952 642 1025 falsumcrimen
660 952 748 1027 quasi
764 961 944 1013 venenatum
958 950 1084 1031 aliquod

57 1037 152 1097 telum
173 1034 310 1107 iecerint,
332 1034 500 1095 medicinae
521 1036 679 1097 faciendae
700 1038 786 1097 locus
808 1035 954 1097 nouerit.
997 1035 1027 1096 9.
1049 1037 1084 1096 ld

58 1118 170 1180 accidit
188 1119 336 1193 praetoris
352 1118 510 1194 iniquitate
528 1128 558 1180 et
579 1119 704 1180 iniuriae
724 1121 853 1195 primum
874 1121 957 1195 quod
979 1126 1084 1180 contra

58 1202 193 1263 omnium
213 1203 464 1263 consuetudinem
486 1203 630 1264 iudicium
651 1203 738 1279 prius
759 1205 797 1263 de
809 1205 922 1280 probro
938 1221 1029 1278 quarn
1044 1204 1083 1263 de

57 1302 92 1346 re
107 1285 209 1346 maluit
222 1285 301 1346 fieri:
324 1287 435 1348 deinde
451 1286 586 1362 quodita
601 1287 755 1350 constituit
770 1289 801 1347 id
815 1289 915 1363 ipsum
929 1287 1082 1361 iudicium,

58 1379 92 1430 ut
111 1386 183 1430 reus
204 1379 367 1444 antequam
382 1372 710 1433 verbum-accusatoris
727 1373 877 1445 audisset,
899 1389 1024 1432 causam
1039 1371 1083 1430 di·

1 1495 3 1500 ,
58 1469 128 1514 cere
147 1462 317 1528 cogeretur.
353 1455 442 1528 Quod
460 1472 565 1515 eorum
584 1455 681 1531 gratia
701 1464 731 1516 et
753 1456 887 1531 potentia
901 1456 1012 1516 factum
1027 1463 1083 1526 est,

58 1537 110 1614 qui
123 1537 211 1613 quasi
226 1555 283 1598 sua
296 1555 347 1598 res
359 1545 411 1597 aut
424 1539 522 1600 honos
537 1548 651 1614 agatur,
666 1540 708 1600 ita
719 1539 879 1614 diligenter
894 1538 965 1598 Sex.
976 1537 1082 1598 Naevii

57 1622 158 1683 studio
176 1630 206 1682 et
228 1621 383 1697 cupiditati
397 1640 513 1682 morem
532 1632 654 1698 gerunt,
677 1632 707 1685 et
728 1624 780 1701 [in]
800 1622 968 1683 eiusmodi
989 1622 1082 1681 rebus

56 1723 134 1782 opes
149 1722 222 1766 suas
237 1706 448 1780 experiuntur,
462 1707 492 1766 in
509 1707 634 1782 quibus,
651 1724 712 1782 quo
725 1709 795 1782 plus
808 1715 931 1781 propter
942 1706 1083 1766 virtutem

11 1816 16 1831 =
55 1788 301 1865 nobilitatemque
315 1797 460 1864 possunt,
472 1807 510 1851 eo
524 1790 625 1851 minus
637 1791 710 1867 quid
727 1791 846 1867 possint
856 1791 967 1853 debent
981 1798 1083 1850 osten·

55 1874 139 1934 dere.
174 1872 223 1934 10.
246 1874 343 1947 Quum
365 1883 407 1934 tot
430 1875 579 1950 tantisque
594 1875 821 1936 difficultatibus
836 1874 973 1934 adfectus
990 1881 1084 1948 atque

55 1957 197 2018 adflictus
212 1956 242 2016 in
259 1967 349 2030 tuam,
365 1956 396 2016 C.
412 1958 524 2034 Aquili,
545 1959 646 2035 fidem,
661 1958 826 2032 veritatem,
842 1956 1082 2019 misericordiam

55 2041 87 2101 P.
102 2041 260 2114 Quinctius
278 2041 464 2116 confugerit,
486 2059 578 2118 quum
598 2042 698 2102 adhuc
714 2043 742 2101 ei
758 2051 883 2118 propter
897 2041 958 2101 vim
972 2043 1082 2101 adver-

57 2126 206 2185 sariorum
223 2124 344 2185 nonius
357 2141 427 2200 par,
446 2143 507 2186 non
522 2127 631 2200 agendi
651 2134 788 2202 potestas
804 2127 926 2198 eadem,
942 2142 1004 2185 non
1018 2140 1081 2184 rna·

57 2207 200 2284 gistratus
215 2225 332 2283 aequus
348 2208 476 2282 reperiri
491 2210 634 2285 potuerit:
653 2227 745 2285 quum
760 2209 788 2270 ei
804 2224 952 2299 summam
966 2225 1022 2283 per
1036 2208 1080 2266 in-

56 2290 164 2351 iuriam
184 2292 286 2352 omnia
306 2291 427 2352 inimica
448 2302 540 2369 atque
559 2293 671 2354 infesta
693 2293 817 2366 fuerint,
843 2302 887 2367 te,
914 2293 945 2352 C.
966 2291 1080 2366 Aquili,

58 2391 191 2450 vosque,
209 2376 301 2452 quiin
314 2376 443 2436 consilio
457 2376 588 2451 adestiS,
605 2385 670 2438 orat
684 2386 777 2453 atque
788 2377 942 2449 obsecrat,
958 2384 990 2437 ut
1004 2374 1079 2434 mul-

56 2460 96 2519 tis
118 2458 233 2520 iniuriis
254 2460 394 2520 iactatam
415 2470 506 2536 atque
527 2462 668 2535 agitatam
689 2460 872 2537 aequitatem
889 2462 919 2518 in
940 2461 997 2519 hoc
1014 2467 1079 2518 tan-

57 2544 127 2602 dem
153 2543 220 2605 loeo
247 2543 417 2604 consistere
442 2553 472 2603 et
498 2544 669 2605 confirmari
690 2544 855 2621 patiamini.
895 2544 944 2603 lll.
968 2541 1017 2604 11.
1044 2543 1080 2602 ld

57 2643 119 2701 quo
135 2626 251 2688 facilius
273 2629 373 2687 facere
387 2627 528 2703 possitis,
549 2628 628 2688 dabo
647 2645 771 2703 operam
785 2636 818 2689 ut
832 2644 850 2687 a
863 2626 1013 2703 principio
1027 2643 1078 2686 res

57 2710 313 2785 quemadmodum
330 2720 416 2784 gesta
430 2720 461 2771 et
475 2720 629 2772 contracta
643 2712 682 2772 sit
697 2712 902 2786 cognoscatis.

141 2794 172 2854 C.
188 2793 342 2866 Quinctius
358 2795 413 2856 fuit
425 2795 456 2853 P.
469 2793 597 2868 Quinctii
617 2795 707 2857 huius
717 2797 834 2881 frater,
856 2811 931 2855 sane
946 2801 1078 2854 caetera·

55 2894 123 2939 rum
142 2893 244 2938 rerum
263 2888 351 2954 pater
372 2878 499 2937 familias
515 2886 546 2938 et
559 2880 695 2954 prudeus
711 2887 741 2940 et
754 2886 901 2951 attentus,
924 2894 985 2938 una
998 2876 1028 2937 in
1044 2892 1079 2936 re

56 2960 159 3035 paullo
175 2959 273 3022 minus
288 2961 512 3035 consideratus,
530 2961 583 3037 qui
597 2962 774 3023 societatem
791 2978 859 3022 cum
874 2960 946 3023 Sex.
962 2960 1077 3021 Naevio

56 3043 177 3117 fecerit,
192 3043 368 3118 virobono,
385 3063 488 3105 verum
504 3055 602 3106 tamen
617 3063 677 3106 nou
690 3048 731 3106 ita
741 3045 891 3119 instituto,
907 3054 940 3106 ut
950 3044 1017 3105 iura
1027 3060 1077 3103 so·

55 3125 174 3187 eietatis
189 3136 220 3188 et
233 3128 335 3188 officia
349 3130 421 3189 certi
436 3128 530 3205 patris
544 3128 671 3189 familias
687 3145 781 3189 nosse
798 3137 917 3203 posset,
939 3145 1000 3188 non
1016 3143 1076 3202 quo

55 3209 85 3270 ei
100 3210 225 3273 deesset
244 3210 410 3286 ingenium=
431 3229 500 3272 nam
517 3229 620 3287 neque
631 3229 738 3289 parum
753 3213 869 3272 facetus
885 3229 991 3274 scurra
1005 3210 1076 3270 Sex.

54 3292 188 3356 Naevius
209 3311 311 3370 neque
329 3294 511 3356 inhumanus
532 3313 642 3370 praeco
658 3313 800 3371 umquam
816 3304 863 3358 est
876 3295 1075 3357 existimatus.

55 3376 134 3450 Quid
155 3395 227 3455 ergo
248 3384 316 3439 estf
351 3381 448 3454 Quum
468 3379 496 3440 ei
518 3389 625 3440 natura
644 3378 718 3438 nihil
736 3379 844 3442 melius
866 3392 1076 3456 quamvecem

56 3461 208 3541 dedisset,
222 3471 309 3541 pater
321 3463 392 3525 nihil
407 3472 526 3543 praeter
540 3464 713 3529 ubertatem
720 3456 1102 3596 refquixsseffoaam
